2896 5168
614 542 811 607 *225-

257 708 312 774 ·bis
339 707 506 791 speluncae
527 709 718 792 proposuit,
740 725 800 788 ut,
825 707 1080 788 quemadmodum
1096 722 1184 787 nos,

262 825 380 890 mundo
409 830 516 912 imp·
531 825 663 906 relicto,
697 824 765 907 ipsa
796 825 953 891 intuentes
983 828 1063 908 αὐτῷ
1083 828 1125 908 τῷ
1146 828 1183 908 νῷ

251 942 470 1009 peteme-veri
492 930 699 1025 exemplaria,
732 941 769 1006 ad
792 941 856 1006 veri
876 940 1035 1006 scientiam
1062 938 1186 1003 accede-

252 1077 388 1138 remus,
411 1058 548 1123 doceret.
610 1056 727 1122 iccirco
745 1075 820 1160 'nou
843 1057 1034 1122 retinebatur
1057 1071 1184 1138 magno·

254 1192 336 1257 pere
358 1175 592 1258 philosophus,
616 1192 681 1255 quo
712 1174 814 1239 minus
851 1186 978 1238 naturae
1011 1173 1182 1248 humanae,

251 1308 353 1372 quam
379 1289 532 1356 infinitam
558 1290 714 1368 habebat,
744 1308 916 1373 congruam
944 1305 1015 1353 csse
1049 1272 1184 1352 hominis

260 1404 294 1471 io
324 1405 390 1471 veri
421 1405 550 1470 scientia
572 1404 826 1486 progressionem
850 1405 1050 1471 existimaret.
1101 1403 1187 1488 Quin

252 1521 371 1602 etiam,
393 1535 646 1610 ¹consentaneum
674 1520 736 1582 hoc
764 1539 894 1601 prorsus
916 1520 1055 1585 Platonis
1083 1521 1186 1601 philo-

258 1635 388 1718 sophiae
407 1653 499 1715 esse,
520 1653 559 1700 ex
578 1636 646 1718 ejus
666 1633 827 1699 dialectica
846 1647 942 1716 patet.
988 1634 1073 1700 Tuta
1089 1636 1185 1717 haec,

258 1763 294 1813 ut
305 1749 463 1830 vidimus,
483 1748 637 1814 cernendo
648 1749 892 1832 jungendoque‚
914 1749 977 1814 imo
998 1750 1184 1816 inveniendo
1272 1799 1277 1813 .

257 1866 468 1950 progreditur.
493 1865 657 1930 Cemendo
666 1844 715 1930 res
726 1866 1048 1950 declarat,jungendo
1059 1868 1098 1932 ad
1107 1887 1183 1932 con·

258 1981 416 2048 clusiones
440 1997 472 2046 ct
491 1981 605 2065 judicia
631 1980 795 2064 pervenit3
844 1982 901 2047 sed
921 2001 998 2064 qnae
1018 1984 1183 2066 conjunxit

258 2096 444 2178 identidem,
465 2115 578 2161 novam
598 2098 690 2163 habet
702 2097 805 2163 denuo
824 2099 1003 2180 explorandi
1022 2100 1184 2164 remendi-

259 2232 322 2296 que
338 2214 518 2293 materiem,
551 2215 634 2279 unde
657 2230 756 2279 novae
777 2215 848 2279 item
872 2216 940 2281 sive
960 2216 1183 2282 conductiones

258 2329 326 2397 sive
334 2331 569 2416 conjunctiones
584 2331 751 2410 oriuntur,
768 2349 801 2397 ut
815 2331 992 2397 inveniendi
1005 2349 1061 2398 nec
1071 2336 1183 2400 modus

257 2465 314 2513 nec
337 2447 409 2514 finis
429 2462 572 2529 appareat
582 2446 640 2512 (ι).
684 2448 720 2511 ln
740 2448 789 2513 his
800 2462 904 2513 autem
915 2448 1004 2512 Plato
1022 2466 1088 2513 uon
1098 2466 1187 2530 prae·

257 2578 376 2631 sentem
397 2578 517 2630 tantum
538 2566 615 2630 hanc
639 2565 844 2630 eruditionem
866 2581 1003 2633 nostram
1024 2565 1184 2648 respexit,

256 2683 336 2765 sed,
357 2702 427 2749 cum
445 2683 647 2748 immortalem
665 2701 735 2748 esse
753 2683 888 2749 animum
908 2696 1074 2763 statueret,
1097 2682 1185 2764 quod

249 2800 292 2868 in
310 2800 371 2866 hoc
388 2819 540 2883 corpore,
560 2819 617 2883 per
628 2801 687 2866 hos
700 2790 835 2879 sensus,
857 2815 1012 2881 tamquam
1025 2799 1183 2879 nuncios,

257 2917 352 2982 nobis
376 2934 566 2997 cognoscere
590 2934 654 2979 non
675 2917 802 2994 liceret,
825 2917 857 2980 id
876 2914 999 2981 futurae
1020 2916 1184 2982 vitaedes·

217 3056 223 3067 .
251 3031 389 3098 rimavit:
422 3044 460 3093 ut
481 3029 711 3111 quodammodo
736 3028 884 3108 quadrare
899 3029 932 3092 in
956 3031 1024 3112 ejus
1044 3031 1186 3110 philoso-

257 3146 363 3232 phiam
381 3146 542 3225 videatur,
553 3145 639 3224 quod
649 3144 688 3210 de
706 3159 908 3208 monumento
920 3163 990 3208 cum
1006 3143 1184 3226 inscriptio·
1204 3169 1206 3174 ·

257 3262 352 3329 nibus
370 3255 649 3328 Hemsterhusiano
668 3261 913 3326 monuimusffl.
937 3260 1076 3326 Eatenus
1096 3279 1180 3328 nunc

258 3377 385 3466 quidem
404 3398 487 3459 nos,
508 3394 544 3443 ut
560 3380 613 3443 ille
628 3377 692 3458 ait,
714 3378 753 3444 de
764 3396 866 3443 rerum
883 3378 1084 3460 universitate
1096 3381 1181 3465 judi·

258 3514 329 3565 oare
344 3513 539 3579 possumus,
558 3509 711 3577 quatenus
732 3511 791 3560 nos
815 3495 881 3578 ejus
903 3492 1052 3563 certiores
1071 3515 1183 3564 sensus

250 3612 295 3684 ‚hi
313 3611 413 3678 nostri
422 3609 541 3676 faciunt
548 3629 564 3692 ·;
589 3626 735 3690 utvero,
759 3611 865 3676 relicto
877 3610 937 3690 hoc
948 3609 1081 3695 corpore
1095 3616 1182 3696 ‚ani-

253 3747 331 3829 ⁸ntus
349 3745 406 3813 per
424 3727 502 3792 alios
524 3726 657 3794 nuncios
679 3725 753 3792 alias
777 3724 988 3794 universitatis
1008 3745 1112 3812 partes
1131 3748 1185 3796 ex·

1111 3847 1183 3929 plo*

251 4010 258 4045 ⁴*
296 4006 339 4097 Ι(ι)
356 4020 402 4080 fif.
420 4041 489 4096 qnae
499 4022 533 4077 da
546 4023 589 4078 his
603 4039 682 4095 supra
694 4020 977 4080 ‘monuimnavolslb
992 4018 1023 4077 P.
1036 4016 1077 4078 11.
1089 4043 1117 4096 p.
1129 4021 1186 4080 16³.

249 4124 256 4163 ²
296 4123 340 4197 (⁸)
356 4123 494 4197 Voaopra·
509 4141 610 4197 praa.
689 4116 692 4121 ’
985 4124 990 4131 ’
1154 4128 1157 4132 “

715 4224 739 4316 Ρ
