2896 5168
614 488 808 546 -2„..

250 654 344 718 trium
374 653 423 716 vel
453 667 674 729 numerorum,
716 653 764 713 vei
795 649 985 730 figurarum,
1018 650 1068 712 vei
1096 662 1182 729 quo-

253 788 446 850 rumcunque
478 785 645 851 generum,
665 766 840 849 contingit,
864 779 899 829 ut
931 765 1018 846 quod
1043 764 1184 829 medium

250 888 314 967 sit,
337 887 385 951 uti
401 886 534 967 primum
552 886 778 967 proportione,
801 884 843 947 ira
863 884 896 947 id
914 898 1075 967 postremo
1093 900 1186 948 conr·

252 1018 400 1084 paretur,
433 1001 636 1083 vicissimque
669 1015 704 1064 ut
732 1017 925 1082 postremum
954 1018 1028 1063 cunt
1055 999 1186 1080 medio,
1268 1020 1273 1027 ·

252 1122 299 1185 sie
327 1119 461 1184 medium
489 1138 560 1182 curu
588 1117 690 1199 primo
718 1114 917 1181 conferaturr
950 1116 983 1181 id
1010 1117 1098 1197 quod
1121 1132 1193 1181 mo·

253 1237 338 1300 diurn
369 1252 438 1312 est,
482 1250 548 1298 tum
590 1236 723 1315 primum
758 1234 822 1315 sit,
863 1247 930 1299 tum
966 1248 1186 1316 postremum

254 1368 412 1434 postrema
432 1370 507 1415 vero
529 1367 561 1415 et
581 1351 679 1433 prima
705 1351 804 1414 media
824 1350 929 1431 fiunt,
950 1350 993 1415 ita
1015 1349 1191 1417 necessitas

253 1470 361 1552 cogit,
382 1483 418 1532 ut
449 1469 551 1532 erden
578 1467 642 1531 sint
669 1486 729 1547 ea,
752 1487 832 1549 quae
856 1467 1011 1552 disjuncta
1033 1464 1190 1548 fuenrnt3

254 1585 360 1649 eadem
380 1600 481 1649 autern
508 1602 580 1648 curn
609 1582 690 1648 facta
720 1584 802 1664 sint,
832 1584 984 1664 efficitur,
1016 1598 1054 1649 rtt
1082 1582 1192 1649 omnia

256 1702 320 1765 sint
341 1699 502 1770 unum-(¹)
545 1700 818 1782 Opportunitatem
841 1701 916 1766 haee
936 1698 1073 1784 posteris
1093 1700 1194 1766 dede·

258 1833 350 1897 runt,
382 1833 416 1883 ut
441 1819 480 1883 ad
512 1817 704 1898 ineptissima
733 1834 878 1900 quaeque
913 1831 1111 1899 commenta,
1147 1816 1192 1883 ad

254 1949 400 2015 portenta
425 1951 457 1999 et
486 1935 651 2009 miracula,
675 1952 755 2015 quae
786 1934 928 2018 Velleius
946 1935 1113 2018 loquitur,
1133 1952 1194 1999 ve·

255 2051 375 2114 nirenr:
404 2051 488 2131 apud
508 2052 667 2115 Platonem
697 2052 737 2115 ad
764 2063 891 2115 naturae
917 2051 981 2116 vim
1006 2066 1040 2116 et
1070 2050 1193 2134 pulcri·

256 2165 393 2230 tudinem
415 2168 643 2248 exprimendam
663 2171 782 2234 valent.
836 2170 982 2251 Spectant
1005 2168 1079 2234 illuc
1104 2170 1192 2252 pari·

255 2296 325 2357 ter,
346 2298 426 2359 quae
452 2282 492 2346 de
519 2301 624 2346 amore
643 2282 850 2364 prodiderunt
876 2285 1083 2351 vetustissimi
1111 2292 1194 2369 poe-

169 2424 173 2431 ,
255 2413 325 2459 rae:
350 2396 434 2461 hunc
456 2397 579 2477 fuisse,
601 2418 667 2478 quo
689 2416 782 2481 orto,
803 2400 921 2481 cbaos,
943 2400 1029 2467 rudis
1051 2400 1112 2468 ista
1138 2402 1193 2468 in·

255 2513 437 2595 digestaque
459 2516 581 2595 moles,
605 2517 637 2579 in
659 2515 878 2599 puicerrimum
897 2519 1018 2582 huncce
1037 2518 1192 2585 mundum

256 2631 482 2713 aptissimeque
505 2631 567 2696 sibi
588 2633 829 2714 concinentem,
851 2650 1106 2703 commutaretur.
1158 2638 1193 2705 Δ

259 2750 354 2814 nullis
376 2767 439 2813 non
461 2749 554 2814 rebus
577 2751 706 2815 Veteres
730 2752 796 2816 sive
820 2752 987 2833 imagines,
1009 2752 1077 2818 sive
1092 2768 1193 2820 meta-

257 2868 398 2949 phoras,
419 2866 487 2932 sive
514 2866 659 2930 notiones
691 2866 803 2945 etiam,
823 2869 1004 2949 petierunt,
1034 2890 1100 2955 quo
1125 2874 1192 2938 cia·

255 2984 322 3046 riits
343 2981 427 3063 sibi,
449 2982 601 3065 quicquid
620 2983 705 3047 intus
722 2984 916 3065 sentiebant,
939 2986 1028 3067 quasi
1047 2988 1089 3051 ob
1110 3006 1192 3055 ocu·

257 3099 307 3161 ios
333 3115 556 3180 proponerent.
602 3099 708 3165 Veluti
730 3102 816 3180 quod
837 3104 983 3167 mundum
1002 3104 1081 3169 dixit
1100 3106 1192 3174 Plato

259 3218 328 3299 ζῶν)
361 3234 428 3279 esse
457 3220 597 3301 ἔμψυχον
621 3220 716 3287 ἔννννν
744 3246 779 3287 re
807 3229 845 3301 τῇ
873 3224 1018 3305 ἀληθείᾳ,
1049 3220 1194 3290 videatur

258 3331 336 3394 iilud
366 3333 535 3397 absurdum
566 3335 656 3416 plane
690 3349 720 3397 et
750 3334 850 3398 visunt
892 3335 934 3399 ita
969 3337 1091 3423 Vellejo
1121 3353 1191 3407 est:

258 3465 327 3513 naut
360 3447 508 3512 mundum
536 3454 640 3514 animo
672 3465 702 3514 ct
739 3450 873 3515 rcrrrr'bur
906 3453 1106 3536 praedirum,
1135 3477 1195 3525 ro-

259 3562 408 3645 tundum,
443 3566 626 3645 ardentem,
657 3566 816 3633 volubilem
840 3566 965 3648 Dema,
1000 3572 1032 3634 in
1059 3573 1195 3641 somniis

260 3695 367 3745 censet
394 3681 668 3763 philosophorum.
723 3682 784 3747 Sed
811 3685 997 3751 abhorrebat
1022 3689 1195 3770 antiquitas

261 3814 279 3859 a
302 3796 426 3877 placitis
455 3799 537 3879 iliis,
560 3819 638 3879 quae
664 3801 835 3865 recentiore
857 3802 888 3866 in
910 3803 1018 3885 primis
1036 3823 1114 3871 aevo
1135 3808 1198 3873 do·

1135 3926 1199 3989 nti·

290 4050 341 4118 (ι)
363 4052 433 4101 Tim.
453 4051 640 4109 scca-32.
654 4057 687 4106 A.
