2896 5168
626 473 807 520 *12-

117 652 122 661 ·
256 635 449 724 nijastique
469 633 658 713 simulacra,
687 631 743 700 sed
768 636 902 704 obscura
928 637 1017 722 fere,
1047 643 1180 712 subinde

256 755 347 824 edam
366 750 485 820 fallacia
504 749 666 816 simulacra
685 765 784 835 sunt3
816 753 849 821 id
873 770 1000 838 autem,
1030 761 1119 840 quod
1133 763 1182 845 ip·

252 890 328 947 suan
357 886 413 950 per
444 887 479 933 se
504 881 536 933 et
557 869 711 956 pulcrum
727 885 761 935 et
785 868 895 936 bouum
923 887 955 938 et
965 873 1089 957 justum
1108 891 1178 958 cst,

253 986 395 1067 nondum
418 997 636 1069 perceperunt.
690 985 872 1067 Priusquam
901 1005 978 1054 vero
1010 989 1084 1056 hacc
1111 1000 1184 1057 coe·

248 1101 359 1192 'perint
376 1101 481 1167 auimo
500 1100 635 1178 intueri,
658 1119 723 1183 quo
744 1100 789 1167 iili
805 1102 899 1167 modo
925 1105 964 1170 de
989 1106 1083 1172 rebus
1099 1107 1184 1172 divi-

253 1218 304 1286 nis
325 1233 357 1286 et
385 1218 528 1285 humanis
561 1235 636 1284 vere
653 1216 868 1300 judicabunt?
889 1217 1083 1304 Quomodo,
1105 1223 1180 1289 duna

254 1331 359 1420 iprum
379 1351 434 1400 eos
453 1332 563 1398 danum
582 1330 713 1411 latebit,
734 1349 782 1397 res
805 1349 877 1397 suas
900 1331 1112 1417 publicasque·
1128 1337 1183 1402 ad·

253 1449 427 1516 ministrare
456 1447 515 1514 rite
545 1446 678 1528 aliisque
697 1447 848 1531 prodesse
870 1449 1043 1535 poterunt?
1064 1451 1182 1519 Sedent

253 1548 476 1652 aeternumque
504 1562 659 1630 sedebunt
698 1564 788 1647 quasi
818 1565 851 1630 ira
881 1569 1049 1650 speluncae
1075 1566 1182 1653 cujus·

251 1681 325 1758 dam
354 1680 515 1761 tenebris,
553 1679 611 1746 ubi
653 1681 801 1763 quamdiu
837 1697 1020 1766 morantur,
1063 1684 1182 1753 tamdiu

252 1813 346 1869 crunt
365 1798 467 1866 omnis
487 1795 636 1865 scientiae
656 1797 860 1879 puritatisque
879 1811 1052 1883 expertes·
1121 1827 1124 1833 ·

296 1915 515 2003 Quaerendum
542 1913 639 1999 igitur
664 1931 749 1978 nunc
775 1932 872 1996 porro
898 1927 947 1979 est
963 1916 1081 1997 uobis,
1104 1916 1181 1998 quid

252 2032 400 2121 deinceps
429 2030 549 2098 efficere
576 2032 661 2115 justa
691 2034 830 2111 aalide,
868 2029 946 2113 quid
978 2032 1180 2116 philosophia
1215 2006 1226 2021 ¹

252 2151 385 2229 debeat,
408 2163 444 2214 ut
471 2148 510 2214 ad
539 2146 699 2213 veritatem
731 2145 829 2231 ipsam
859 2147 898 2214 ab
928 2148 980 2215 his
1007 2150 1179 2218 simulacris

251 2284 482 2338 convertamur.
526 2263 704 2333 Escerrdcre
730 2283 768 2330 ex
795 2280 886 2331 antro
914 2283 978 2331 nos
1002 2267 1094 2351 jubet
1118 2269 1180 2336 So·

253 2401 374 2466 crates,
406 2398 442 2449 ut
471 2381 591 2467 opinari
619 2380 827 2460 desinamus,
862 2382 943 2446 scire
970 2382 1180 2463 incipiamus,

251 2503 420 2580 missisque
443 2511 476 2561 et
505 2493 624 2557 umbris
657 2491 832 2573 specierum
859 2489 1013 2560 fallacium
1039 2510 1072 2562 et
1100 2496 1179 2581 ipsis

251 2612 442 2702 speciebus,
473 2607 678 2673 inmundum
704 2612 823 2688 νοητὸν,
845 2608 878 2674 in
905 2609 1015 2691 ipsum·
1038 2614 1181 2681 veritatis

252 2747 381 2817 regnum
402 2725 616 2794 escendamua.
658 2723 731 2789 Hoc
749 2740 849 2791 autem
867 2726 1090 2811 philosophiae
1111 2750 1181 2799 mu·

251 2867 314 2918 uus
342 2860 376 2912 et
401 2859 494 2928 grave
511 2857 582 2907 osse
602 2838 761 2922 inprimis
781 2855 814 2906 et
832 2841 974 2923 difficile,
996 2845 1051 2912 ait.
1090 2847 1177 2916 Nam

250 2964 280 3034 si
304 2981 394 3048 aegre
412 2958 457 3026 illi
476 2956 515 3025 ab
526 2955 654 3023 ⁴umbris
677 2957 822 3024 conversi
839 2959 879 3024 ad
898 2959 1061 3028 simulacra
1082 2980 1180 3048 sunt,

252 3099 319 3166 quo
340 3078 463 3145 tandem
483 3074 578 3141 modo
595 3072 634 3138 ab
657 3072 706 3138 his
726 3092 761 3140 se
780 3075 923 3142 converti
941 3077 980 3143 ad
1002 3097 1052 3148 res
1070 3082 1180 3167 ipsas,

143 3236 146 3245 ·
251 3198 289 3267 ad
316 3202 360 3269 τὰ
376 3198 448 3266 lm
475 3187 658 3277 patientur?
691 3189 754 3256 Sed
773 3188 876 3274 ipsum
894 3192 999 3262 denuo
1017 3198 1182 3270 audiamus

253 3314 426 3383 Socratem.
1113 3348 1124 3357 -·

293 3426 329 3496 Si
355 3445 432 3493 vero
453 3421 526 3508 quis
554 3423 712 3504 eundem,
741 3423 864 3508 inquit,
890 3432 1062 3513 perardua
1082 3450 1180 3520 atque

251 3563 359 3628 aspera
386 3559 510 3608 sumum
542 3541 675 3606 traheret
710 3540 887 3626 violenter,
918 3565 977 3614 nec
1007 3551 1180 3622 remitteret
1310 3571 1315 3584 ·

138 3671 141 3681 '
249 3659 433 3749 priusquam
464 3657 504 3725 ad
528 3658 607 3725 solis
635 3658 739 3724 lumen
768 3663 974 3745 extraxisset,
995 3684 1101 3735 nonne
1118 3687 1181 3737 ,w

247 3781 408 3850 hemeaater
445 3792 553 3856 eum,
587 3774 660 3842 duan
693 3774 739 3840 sic
767 3779 965 3862 traheretur,
1004 3782 1180 3850 doliulrum

246 3893 478 3985 aagcrnmeque
528 3893 663 3958 laturum
705 3893 886 3974 existimas,
919 3909 974 3974 et,
1008 3902 1176 3981 postquam

248 4011 289 4081 ad
310 4011 414 4079 lumen
433 4023 560 4074 evectus
577 4003 698 4100 fuerit,
718 4005 845 4094 fulgore
865 4010 1028 4111 lubentem
1058 4015 1180 4109 scilieet

1107 4155 1183 4203 ocu·
