2896 5168
657 474 710 497 ·-
729 444 856 511 ιώ·-

274 610 389 683 veruti
404 602 633 701 Theaeterum,
647 618 827 703 sophistam
839 634 858 701 ,·
873 620 1042 690 Politirum
1060 622 1124 693 'ubi
1139 627 1235 713 quid·

273 730 412 816 primum
443 736 545 822 legit,
566 736 683 803 atrum
716 735 938 819 arbitrabitur,
959 755 997 804 te
1016 737 1093 805 inde
1107 743 1234 815 Plato..-

271 848 322 915 nls
336 846 384 917 'de
408 850 565 934 scientia,
585 852 626 920 de
653 853 851 939 sophistica,
869 854 910 921 de
933 853 1063 938 politica
1082 869 1228 930 rentur-3

271 965 346 1034 tiam
370 967 593 1052 cogniturum:
616 971 749 1056 legendo
768 984 899 1053 autem,
919 971 1006 1038 aliud
1030 969 1134 1040 ruhte
1160 973 1224 1041 vi-

270 1082 358 1147 debit
381 1082 416 1148 in
443 1083 618 1153 scribendis
652 1084 714 1153 illis
740 1087 880 1154 auctorit
915 1087 1109 1171 consilium
1154 1093 1221 1161 ted

269 1197 325 1264 ubi
355 1201 556 1284 perspexerit
577 1203 666 1291 'mem
691 1201 816 1267 assidua
835 1202 976 1268 lertiooe
997 1223 1072 1271 cum
1092 1207 1219 1275 dialec·.

268 1317 362 1385 neam
390 1317 548 1396 Platonis,
568 1322 647 1380 'tum
673 1314 842 1391 moneo,
874 1318 939 1392 qua
970 1333 1038 1380 eam
1058 1320 1214 1407 adhibere

268 1431 490 1518 philosophiae
518 1427 665 1506 studuit,
686 1440 755 1489 tum
785 1424 910 1492 dranum
926 1440 962 1493 et
984 1431 1111 1513 assequi
1129 1433 1210 1513 phi.

266 1544 393 1628 losephi
414 1544 448 1608 in
473 1541 651 1609 scribendis
678 1541 749 1607 illis
768 1542 938 1609 consilium
963 1558 999 1611 et
1028 1561 1113 1613 recte
1138 1565 1205 1635 eos]

264 1662 440 1746 intelligere
455 1658 599 1743 incipiet.
646 1658 764 1726 Similis
781 1658 863 1724 ratio
876 1658 1070 1729 parmenidis
1088 1665 1206 1732 etPhl-

209 1785 212 1790 “
263 1779 327 1846 lehi
352 1792 416 1845 ert
459 1775 570 1862 Vulgo
599 1776 760 1843 Platonem
788 1775 968 1843 misenum
986 1778 1022 1844 iu
1042 1779 1093 1847 his
1112 1798 1205 1850 suam

265 1915 392 1975 omnem
429 1896 470 1961 de
496 1893 577 1959 ideis
605 1893 710 1975 deque
746 1893 885 1960 idetrum
915 1893 1084 1979 principe,
1124 1897 1208 1972 boni

264 2015 359 2094 idei,
380 2010 566 2079 smrmtitm
586 2008 800 2093 'exposuisset
824 2010 1029 2094 quamobrem
1060 2012 1206 2101 involare

264 2132 417 2199 continuo
441 2129 476 2195 in
503 2128 565 2193 hos
591 2127 731 2213 dialogos
748 2129 880 2210 solent,
900 2127 957 2212 qui
980 2128 1120 2197 Platohis
1145 2149 1206 2197 su·

263 2249 445 2316 blimitatem
485 2244 663 2329 exipsius
698 2244 828 2330 scriptis
857 2245 1017 2335 percipere
1051 2247 1198 2331 cupiunt.

262 2368 336 2435 Nos
373 2382 477 2432 autem
508 2358 627 2448 egimus
660 2362 701 2428 de
727 2361 805 2428 ideis
821 2363 972 2430 Platonis
1000 2378 1033 2430 et
1056 2379 1200 2434 accurate

259 2487 380 2551 tradere
401 2481 584 2566 primarium
607 2460 696 2547 'hunc
721 2479 756 2546 in
777 2480 846 2566 ejus
866 2481 1072 2565 philosophie
1091 2483 1196 2548 locum

259 2600 442 2665 studuimus
451 2618 467 2663 a·
483 2612 517 2663 et
542 2598 644 2662 tamen
664 2596 758 2663 ullam
787 2597 842 2664 vix
866 2615 976 2665 eorum
1001 2598 1196 2683 dialogorum

259 2714 451 2780 mentionem
485 2711 633 2778 fecimus.
693 2712 843 2794 Nempe,
882 2728 920 2778 ut
955 2715 989 2780 in
1020 2715 1196 2790 Theaeteto

258 2827 646 2912 caeterisquedittecticis
671 2826 899 2912 sermonibus,
922 2828 966 2897 itt
983 2830 1024 2899 .in
1051 2830 1101 2896 bis
1126 2831 1198 2898 Pla·

258 2958 317 3029 to,
350 2946 406 3030 qui
432 2948 530 3031 vulgo
558 2945 767 3031 metaphysici
799 2961 977 3031 vocantur,
1011 2947 1043 3014 id
1072 2961 1194 3032 specta-

257 3064 305 3132 r‘it
332 3064 554 3150 potissimum,
576 3078 613 3130 ut
631 3063 793 3133 adhiberet
809 3065 1032 3151 philosophiae
1045 3065 1192 3149 ipsique,

256 3203 355 3266 quam
382 3185 502 3250 tradere
522 3166 688 3262 studebat,
719 3181 788 3248 veri
814 3182 974 3249 doctrinae
1002 3182 1193 3250 malardum

252 3319 359 3366 suam.
412 3301 617 3385 Quapropter
652 3316 739 3364 nunc
767 3299 921 3380 demum,
960 3312 1133 3382 postquam
1159 3313 1195 3367 et

253 3414 446 3480 dialecticam
475 3414 616 3480 Platonis
639 3429 673 3480 et
701 3414 767 3481 veri
788 3415 987 3497 doctrinam,
1018 3433 1083 3482 tura
1115 3436 1191 3485 cum

249 3529 392 3612 ejusdem
419 3529 460 3597 de
486 3531 563 3597 ideis
596 3530 746 3613 placitis,
785 3533 966 3615 perspicere
1000 3533 1189 3617 coepimus,

253 3663 340 3714 nunc
369 3645 526 3730 demum,
563 3647 724 3730 inquam,
766 3661 851 3714 recte
876 3649 972 3717 nobis
999 3648 1189 3719 intellecturi

123 3810 125 3815 -
250 3778 424 3849 utntmque
442 3764 530 3831 iilum
549 3764 708 3848 dhingum¹
722 3760 879 3829 videmur.

252 3879 378 3945 „iiam
407 3882 535 3964 proprie
567 3895 644 3947 sunt
672 3897 832 3945 sermones
871 3879 919 3947 illi
961 3880 1188 3948 subtilissimae
1270 3934 1277 3947 r

253 3993 402 4076 quaedam
433 3993 815 4093 ‚siv‚e‚.d'uqtt‚iait,i‚orte‚s‚
834 3995 908 4095 sive
949 3995 1188 4095 exercitatims

503 4112 508 4122 '
1121 4106 1187 4175 dia-
