<?xml version="1.0" encoding="UTF-8"?>
<!DOCTYPE html PUBLIC "-//W3C//DTD XHTML 1.0 Transitional//EN"
    "http://www.w3.org/TR/xhtml1/DTD/xhtml1-transitional.dtd">
<html xmlns="http://www.w3.org/1999/xhtml" xml:lang="en" lang="en">
 <head>
  <title>
</title>
<meta http-equiv="Content-Type" content="text/html;charset=utf-8" />
  <meta name='ocr-system' content='tesseract 3.04.00' />
  <meta name='ocr-capabilities' content='ocr_page ocr_carea ocr_par ocr_line ocrx_word'/>
</head>
<body>
  <div class='ocr_page' id='page_1' title='image "./initiaphilosoph04heusgoog_0190.png"; bbox 0 0 2896 5168; ppageno 0'>
   <div class='ocr_carea' id='block_1_1' title="bbox 618 468 901 546">
    <p class='ocr_par' dir='ltr' id='par_1_1' title="bbox 618 468 901 546">
     <span class='ocr_line' id='line_1_1' title="bbox 618 468 901 546; baseline 0.004 -17"><span class='ocrx_word' id='word_1_1' title='bbox 618 468 809 546; x_wconf 77' lang='lat'>-185-</span> <span class='ocrx_word' id='word_1_2' title='bbox 896 485 901 497; x_wconf 95' lang='lat'><strong>·</strong></span> 
     </span>
    </p>
   </div>
   <div class='ocr_carea' id='block_1_2' title="bbox 374 743 1052 808">
    <p class='ocr_par' dir='ltr' id='par_1_2' title="bbox 374 743 1052 808">
     <span class='ocr_line' id='line_1_2' title="bbox 374 743 1052 808; baseline -0.004 -1"><span class='ocrx_word' id='word_1_3' title='bbox 374 743 432 807; x_wconf 79' lang='lat' dir='ltr'><strong>De</strong></span> <span class='ocrx_word' id='word_1_4' title='bbox 461 743 1052 808; x_wconf 74' lang='lat' dir='ltr'><strong>animorum-immortalitate.</strong></span> 
     </span>
    </p>
   </div>
   <div class='ocr_carea' id='block_1_3' title="bbox 249 943 1184 1843">
    <p class='ocr_par' dir='ltr' id='par_1_3' title="bbox 249 943 1184 1843">
     <span class='ocr_line' id='line_1_3' title="bbox 292 943 1179 1025; baseline 0 -17"><span class='ocrx_word' id='word_1_5' title='bbox 292 944 372 1009; x_wconf 83' lang='lat' dir='ltr'><strong>Illud</strong></span> <span class='ocrx_word' id='word_1_6' title='bbox 393 943 431 1007; x_wconf 89' lang='lat' dir='ltr'><strong>de</strong></span> <span class='ocrx_word' id='word_1_7' title='bbox 449 962 487 1007; x_wconf 89' lang='lat' dir='ltr'><strong>eo</strong></span> <span class='ocrx_word' id='word_1_8' title='bbox 507 944 640 1025; x_wconf 85' lang='lat' dir='ltr'><strong>primum</strong></span> <span class='ocrx_word' id='word_1_9' title='bbox 662 943 785 1008; x_wconf 85' lang='lat' dir='ltr'><strong>videtur</strong></span> <span class='ocrx_word' id='word_1_10' title='bbox 803 946 984 1009; x_wconf 82' lang='lat' dir='ltr'><strong>tenendum.</strong></span> <span class='ocrx_word' id='word_1_11' title='bbox 1026 945 1073 1011; x_wconf 96' lang='lat' dir='ltr'><strong>Ut</strong></span> <span class='ocrx_word' id='word_1_12' title='bbox 1093 965 1179 1009; x_wconf 89' lang='lat' dir='ltr'><strong>com-</strong></span> 
     </span>
     <span class='ocr_line' id='line_1_4' title="bbox 250 1059 1181 1144; baseline 0.003 -20"><span class='ocrx_word' id='word_1_13' title='bbox 250 1061 354 1124; x_wconf 90' lang='lat' dir='ltr'><strong>munis</strong></span> <span class='ocrx_word' id='word_1_14' title='bbox 386 1059 522 1124; x_wconf 87' lang='lat' dir='ltr'><strong>omnium</strong></span> <span class='ocrx_word' id='word_1_15' title='bbox 551 1061 642 1127; x_wconf 90' lang='lat' dir='ltr'><strong>hodie</strong></span> <span class='ocrx_word' id='word_1_16' title='bbox 671 1080 705 1126; x_wconf 88' lang='lat' dir='ltr'><strong>ac</strong></span> <span class='ocrx_word' id='word_1_17' title='bbox 732 1063 867 1144; x_wconf 84' lang='lat' dir='ltr'><strong>vulgaris</strong></span> <span class='ocrx_word' id='word_1_18' title='bbox 898 1076 944 1126; x_wconf 89' lang='lat' dir='ltr'><strong>est</strong></span> <span class='ocrx_word' id='word_1_19' title='bbox 976 1063 1013 1127; x_wconf 93' lang='lat' dir='ltr'><strong>de</strong></span> <span class='ocrx_word' id='word_1_20' title='bbox 1037 1062 1103 1128; x_wconf 77' lang='lat' dir='ltr'><strong>aith</strong></span> <span class='ocrx_word' id='word_1_21' title='bbox 1131 1060 1181 1127; x_wconf 85' lang='lat' dir='ltr'><strong>fn-</strong></span> 
     </span>
     <span class='ocr_line' id='line_1_5' title="bbox 250 1179 1181 1262; baseline 0 -19"><span class='ocrx_word' id='word_1_22' title='bbox 250 1180 321 1243; x_wconf 79' lang='lat' dir='ltr'><strong>turd</strong></span> <span class='ocrx_word' id='word_1_23' title='bbox 343 1179 517 1257; x_wconf 85' lang='lat' dir='ltr'><strong>sententia,</strong></span> <span class='ocrx_word' id='word_1_24' title='bbox 539 1179 661 1262; x_wconf 78' lang='lat' dir='ltr'>quippe</span> <span class='ocrx_word' id='word_1_25' title='bbox 677 1179 856 1244; x_wconf 86' lang='lat' dir='ltr'><strong>confirmata</strong></span> <span class='ocrx_word' id='word_1_26' title='bbox 878 1179 1035 1262; x_wconf 79' lang='lat' dir='ltr'><strong>religionis</strong></span> <span class='ocrx_word' id='word_1_27' title='bbox 1056 1195 1181 1243; x_wconf 85' lang='lat' dir='ltr'><strong>nostrae</strong></span> 
     </span>
     <span class='ocr_line' id='line_1_6' title="bbox 251 1295 1181 1380; baseline 0 -21"><span class='ocrx_word' id='word_1_28' title='bbox 251 1295 455 1376; x_wconf 87' lang='lat' dir='ltr'><strong>anctoritate,</strong></span> <span class='ocrx_word' id='word_1_29' title='bbox 493 1297 585 1380; x_wconf 79' lang='lat' dir='ltr'><strong>cujus</strong></span> <span class='ocrx_word' id='word_1_30' title='bbox 613 1315 684 1379; x_wconf 88' lang='lat' dir='ltr'><strong>pars</strong></span> <span class='ocrx_word' id='word_1_31' title='bbox 712 1297 858 1378; x_wconf 87' lang='lat' dir='ltr'><strong>princeps</strong></span> <span class='ocrx_word' id='word_1_32' title='bbox 882 1312 948 1378; x_wconf 86' lang='lat' dir='ltr'><strong>est,</strong></span> <span class='ocrx_word' id='word_1_33' title='bbox 983 1297 1023 1360; x_wconf 91' lang='lat' dir='ltr'><strong>ita</strong></span> <span class='ocrx_word' id='word_1_34' title='bbox 1052 1295 1181 1376; x_wconf 88' lang='lat' dir='ltr'><strong>antiquo</strong></span> 
     </span>
     <span class='ocr_line' id='line_1_7' title="bbox 250 1409 1182 1496; baseline 0.003 -21"><span class='ocrx_word' id='word_1_35' title='bbox 250 1431 328 1476; x_wconf 87' lang='lat' dir='ltr'><strong>aevo</strong></span> <span class='ocrx_word' id='word_1_36' title='bbox 350 1430 518 1493; x_wconf 86' lang='lat' dir='ltr'><strong>paucorum</strong></span> <span class='ocrx_word' id='word_1_37' title='bbox 548 1409 610 1475; x_wconf 86' lang='lat' dir='ltr'><strong>fnit</strong></span> <span class='ocrx_word' id='word_1_38' title='bbox 641 1413 903 1494; x_wconf 86' lang='lat' dir='ltr'><strong>philosophorum</strong></span> <span class='ocrx_word' id='word_1_39' title='bbox 931 1413 1071 1496; x_wconf 87' lang='lat' dir='ltr'><strong>propria.</strong></span> <span class='ocrx_word' id='word_1_40' title='bbox 1116 1412 1182 1478; x_wconf 87' lang='lat' dir='ltr'><strong>Mi·</strong></span> 
     </span>
     <span class='ocr_line' id='line_1_8' title="bbox 250 1527 1184 1609; baseline 0.002 -17"><span class='ocrx_word' id='word_1_41' title='bbox 250 1544 357 1608; x_wconf 87' lang='lat' dir='ltr'><strong>ratur,</strong></span> <span class='ocrx_word' id='word_1_42' title='bbox 379 1543 414 1592; x_wconf 90' lang='lat' dir='ltr'><strong>ut</strong></span> <span class='ocrx_word' id='word_1_43' title='bbox 442 1529 536 1592; x_wconf 93' lang='lat' dir='ltr'><strong>modo</strong></span> <span class='ocrx_word' id='word_1_44' title='bbox 569 1527 725 1609; x_wconf 85' lang='lat' dir='ltr'><strong>vidimus,</strong></span> <span class='ocrx_word' id='word_1_45' title='bbox 769 1528 916 1608; x_wconf 83' lang='lat' dir='ltr'><strong>Glauco,</strong></span> <span class='ocrx_word' id='word_1_46' title='bbox 962 1529 1016 1593; x_wconf 90' lang='lat' dir='ltr'><strong>uhi</strong></span> <span class='ocrx_word' id='word_1_47' title='bbox 1039 1531 1184 1594; x_wconf 85' lang='lat' dir='ltr'>Socrates</span> 
     </span>
     <span class='ocr_line' id='line_1_9' title="bbox 249 1640 1182 1728; baseline 0.004 -21"><span class='ocrx_word' id='word_1_48' title='bbox 249 1645 319 1727; x_wconf 86' lang='lat' dir='ltr'><strong>ejus</strong></span> <span class='ocrx_word' id='word_1_49' title='bbox 350 1642 536 1708; x_wconf 82' lang='lat' dir='ltr'><strong>mentionem</strong></span> <span class='ocrx_word' id='word_1_50' title='bbox 568 1640 655 1707; x_wconf 83' lang='lat' dir='ltr'><strong>facit.</strong></span> <span class='ocrx_word' id='word_1_51' title='bbox 709 1647 766 1712; x_wconf 76' lang='lat' dir='ltr'><strong>Kal</strong></span> <span class='ocrx_word' id='word_1_52' title='bbox 801 1642 831 1719; x_wconf 80' lang='grc' dir='ltr'><strong>ὃς</strong></span> <span class='ocrx_word' id='word_1_53' title='bbox 860 1648 1022 1728; x_wconf 76' lang='grc' dir='ltr'><strong><em>ἐμβλέψας</em></strong></span> <span class='ocrx_word' id='word_1_54' title='bbox 1050 1671 1100 1728; x_wconf 79' lang='lat' dir='ltr'><strong>por</strong></span> <span class='ocrx_word' id='word_1_55' title='bbox 1132 1648 1182 1712; x_wconf 79' lang='lat' dir='ltr'><strong>acal</strong></span> 
     </span>
     <span class='ocr_line' id='line_1_10' title="bbox 250 1758 1181 1843; baseline 0.005 -19"><span class='ocrx_word' id='word_1_56' title='bbox 250 1762 431 1843; x_wconf 67' lang='grc' dir='ltr'><em>θαυμάσας,</em></span> <span class='ocrx_word' id='word_1_57' title='bbox 464 1758 509 1824; x_wconf 86' lang='lat' dir='ltr'><strong>sic</strong></span> <span class='ocrx_word' id='word_1_58' title='bbox 532 1758 651 1824; x_wconf 87' lang='lat' dir='ltr'>Graece</span> <span class='ocrx_word' id='word_1_59' title='bbox 681 1776 714 1823; x_wconf 90' lang='lat' dir='ltr'><strong>se</strong></span> <span class='ocrx_word' id='word_1_60' title='bbox 743 1762 832 1824; x_wconf 86' lang='lat' dir='ltr'><strong>locus</strong></span> <span class='ocrx_word' id='word_1_61' title='bbox 864 1761 979 1839; x_wconf 83' lang='lat' dir='ltr'><strong>hahet,</strong></span> <span class='ocrx_word' id='word_1_62' title='bbox 1009 1759 1096 1840; x_wconf 78' lang='grc' dir='ltr'><strong><em>εἶπε,</em></strong></span> <span class='ocrx_word' id='word_1_63' title='bbox 1124 1765 1181 1830; x_wconf 75' lang='lat' dir='ltr'><strong>Mal</strong></span> 
     </span>
    </p>
   </div>
   <div class='ocr_carea' id='block_1_4' title="bbox 252 1874 1181 1962">
    <p class='ocr_par' dir='ltr' id='par_1_4' title="bbox 252 1874 1181 1962">
     <span class='ocr_line' id='line_1_11' title="bbox 252 1874 1181 1962; baseline 0.009 -18"><span class='ocrx_word' id='word_1_64' title='bbox 252 1881 303 1944; x_wconf 78' lang='grc' dir='ltr'><strong>Δι’</strong></span> <span class='ocrx_word' id='word_1_65' title='bbox 329 1882 382 1945; x_wconf 78' lang='grc' dir='ltr'><strong>οὐκ</strong></span> <span class='ocrx_word' id='word_1_66' title='bbox 408 1878 508 1956; x_wconf 71' lang='grc' dir='ltr'><em>ἔγωγε</em></span> <span class='ocrx_word' id='word_1_67' title='bbox 538 1878 683 1959; x_wconf 60' lang='grc' dir='ltr'><strong>ᾔσθημαι,</strong></span> <span class='ocrx_word' id='word_1_68' title='bbox 719 1874 763 1945; x_wconf 79' lang='lat' dir='ltr'><strong>t&#39;irr</strong></span> <span class='ocrx_word' id='word_1_69' title='bbox 784 1877 929 1952; x_wconf 62' lang='lat' dir='ltr'><strong>eldrade</strong></span> <span class='ocrx_word' id='word_1_70' title='bbox 952 1882 1030 1957; x_wconf 72' lang='grc' dir='ltr'><strong>ἡμῶν</strong></span> <span class='ocrx_word' id='word_1_71' title='bbox 1052 1883 1069 1956; x_wconf 73' lang='grc' dir='ltr'><strong><em>ἡ</em></strong></span> <span class='ocrx_word' id='word_1_72' title='bbox 1092 1883 1181 1962; x_wconf 61' lang='grc' dir='ltr'><strong>ψυχὴ</strong></span> 
     </span>
    </p>
   </div>
   <div class='ocr_carea' id='block_1_5' title="bbox 252 1992 1271 2079">
    <p class='ocr_par' dir='ltr' id='par_1_5' title="bbox 252 1992 1271 2079">
     <span class='ocr_line' id='line_1_12' title="bbox 252 1992 1271 2079; baseline 0.001 -18"><span class='ocrx_word' id='word_1_73' title='bbox 252 1995 303 2061; x_wconf 73' lang='lat' dir='ltr'><strong>teni</strong></span> <span class='ocrx_word' id='word_1_74' title='bbox 330 1996 469 2062; x_wconf 71' lang='grc' dir='ltr'><strong>οὐδέποτε</strong></span> <span class='ocrx_word' id='word_1_75' title='bbox 498 1995 682 2062; x_wconf 69' lang='grc' dir='ltr'><strong><em>ἀπόλλυται·</em></strong></span> <span class='ocrx_word' id='word_1_76' title='bbox 722 1997 758 2063; x_wconf 74' lang='grc' dir='ltr'><strong>σὺ</strong></span> <span class='ocrx_word' id='word_1_77' title='bbox 792 1998 821 2061; x_wconf 72' lang='grc' dir='ltr'><strong>δὲ</strong></span> <span class='ocrx_word' id='word_1_78' title='bbox 847 1992 932 2061; x_wconf 72' lang='grc' dir='ltr'><em>τοῦτ’</em></span> <span class='ocrx_word' id='word_1_79' title='bbox 955 1996 1036 2079; x_wconf 79' lang='grc' dir='ltr'><em>ἔχεις</em></span> <span class='ocrx_word' id='word_1_80' title='bbox 1063 1996 1182 2073; x_wconf 65' lang='lat' dir='ltr'><strong>hiram</strong></span> <span class='ocrx_word' id='word_1_81' title='bbox 1267 2042 1271 2051; x_wconf 88' lang='lat'>-</span> 
     </span>
    </p>
   </div>
   <div class='ocr_carea' id='block_1_6' title="bbox 250 2107 1191 3832">
    <p class='ocr_par' dir='ltr' id='par_1_6' title="bbox 250 2107 1191 3832">
     <span class='ocr_line' id='line_1_13' title="bbox 250 2107 1183 2189; baseline -0.001 -16"><span class='ocrx_word' id='word_1_82' title='bbox 250 2109 325 2189; x_wconf 88' lang='lat' dir='ltr'><strong>lpse</strong></span> <span class='ocrx_word' id='word_1_83' title='bbox 353 2108 430 2172; x_wconf 88' lang='lat' dir='ltr'><strong>adeo</strong></span> <span class='ocrx_word' id='word_1_84' title='bbox 449 2110 532 2188; x_wconf 87' lang='lat' dir='ltr'><strong>apud</strong></span> <span class='ocrx_word' id='word_1_85' title='bbox 551 2109 796 2187; x_wconf 79' lang='lat' dir='ltr'><strong>Xenophontem</strong></span> <span class='ocrx_word' id='word_1_86' title='bbox 820 2109 986 2188; x_wconf 79' lang='lat' dir='ltr'><strong>Socrates,</strong></span> <span class='ocrx_word' id='word_1_87' title='bbox 1027 2108 1081 2172; x_wconf 89' lang='lat' dir='ltr'><strong>uhi</strong></span> <span class='ocrx_word' id='word_1_88' title='bbox 1111 2107 1183 2172; x_wconf 88' lang='lat' dir='ltr'><strong>ralis</strong></span> 
     </span>
     <span class='ocr_line' id='line_1_14' title="bbox 252 2221 1183 2307; baseline -0.002 -17"><span class='ocrx_word' id='word_1_89' title='bbox 252 2225 346 2290; x_wconf 90' lang='lat' dir='ltr'><strong>nobis</strong></span> <span class='ocrx_word' id='word_1_90' title='bbox 369 2223 527 2304; x_wconf 86' lang='lat' dir='ltr'><strong>occurrit,</strong></span> <span class='ocrx_word' id='word_1_91' title='bbox 551 2224 652 2306; x_wconf 87' lang='lat' dir='ltr'><strong>qualis</strong></span> <span class='ocrx_word' id='word_1_92' title='bbox 681 2244 787 2307; x_wconf 81' lang='lat' dir='ltr'><strong>reapse</strong></span> <span class='ocrx_word' id='word_1_93' title='bbox 814 2221 895 2301; x_wconf 86' lang='lat' dir='ltr'><strong>fnit,</strong></span> <span class='ocrx_word' id='word_1_94' title='bbox 918 2243 982 2288; x_wconf 93' lang='lat' dir='ltr'><strong>non</strong></span> <span class='ocrx_word' id='word_1_95' title='bbox 1006 2224 1128 2305; x_wconf 84' lang='lat' dir='ltr'><strong>quidem</strong></span> <span class='ocrx_word' id='word_1_96' title='bbox 1152 2225 1183 2288; x_wconf 95' lang='lat' dir='ltr'><strong>in</strong></span> 
     </span>
     <span class='ocr_line' id='line_1_15' title="bbox 252 2338 1186 2421; baseline -0.004 -14"><span class='ocrx_word' id='word_1_97' title='bbox 252 2342 381 2408; x_wconf 85' lang='lat' dir='ltr'><strong>dubium</strong></span> <span class='ocrx_word' id='word_1_98' title='bbox 409 2357 502 2405; x_wconf 85' lang='lat' dir='ltr'><strong>vocat</strong></span> <span class='ocrx_word' id='word_1_99' title='bbox 535 2342 707 2405; x_wconf 85' lang='lat' dir='ltr'><strong>animorum</strong></span> <span class='ocrx_word' id='word_1_100' title='bbox 739 2340 1017 2421; x_wconf 88' lang='lat' dir='ltr'><strong>immortalitatem,</strong></span> <span class='ocrx_word' id='word_1_101' title='bbox 1050 2339 1113 2404; x_wconf 92' lang='lat' dir='ltr'><strong>imo</strong></span> <span class='ocrx_word' id='word_1_102' title='bbox 1138 2338 1186 2404; x_wconf 89' lang='lat' dir='ltr'><strong>af·</strong></span> 
     </span>
     <span class='ocr_line' id='line_1_16' title="bbox 254 2457 1186 2538; baseline -0.003 -15"><span class='ocrx_word' id='word_1_103' title='bbox 254 2458 377 2536; x_wconf 85' lang='lat' dir='ltr'><strong>firmat,</strong></span> <span class='ocrx_word' id='word_1_104' title='bbox 399 2459 455 2522; x_wconf 91' lang='lat' dir='ltr'><strong>sed</strong></span> <span class='ocrx_word' id='word_1_105' title='bbox 485 2478 574 2538; x_wconf 88' lang='lat' dir='ltr'><strong>raro,</strong></span> <span class='ocrx_word' id='word_1_106' title='bbox 596 2477 652 2522; x_wconf 90' lang='lat' dir='ltr'><strong>nec</strong></span> <span class='ocrx_word' id='word_1_107' title='bbox 672 2457 731 2521; x_wconf 87' lang='lat' dir='ltr'><strong>nisi</strong></span> <span class='ocrx_word' id='word_1_108' title='bbox 754 2458 878 2523; x_wconf 88' lang='lat' dir='ltr'><strong>dnobus</strong></span> <span class='ocrx_word' id='word_1_109' title='bbox 902 2457 980 2523; x_wconf 87' lang='lat' dir='ltr'><strong>locis</strong></span> <span class='ocrx_word' id='word_1_110' title='bbox 1008 2459 1045 2522; x_wconf 91' lang='lat' dir='ltr'><strong>de</strong></span> <span class='ocrx_word' id='word_1_111' title='bbox 1074 2477 1109 2522; x_wconf 89' lang='lat' dir='ltr'><strong>ea</strong></span> <span class='ocrx_word' id='word_1_112' title='bbox 1137 2459 1186 2521; x_wconf 91' lang='lat' dir='ltr'><strong>lo·</strong></span> 
     </span>
     <span class='ocr_line' id='line_1_17' title="bbox 255 2574 1185 2659; baseline 0.001 -19"><span class='ocrx_word' id='word_1_113' title='bbox 255 2575 385 2659; x_wconf 84' lang='lat' dir='ltr'><strong>quitur:</strong></span> <span class='ocrx_word' id='word_1_114' title='bbox 420 2591 484 2640; x_wconf 88' lang='lat' dir='ltr'><strong>tum</strong></span> <span class='ocrx_word' id='word_1_115' title='bbox 509 2594 584 2637; x_wconf 90' lang='lat' dir='ltr'><strong>vero</strong></span> <span class='ocrx_word' id='word_1_116' title='bbox 605 2575 650 2637; x_wconf 90' lang='lat' dir='ltr'><strong>sic</strong></span> <span class='ocrx_word' id='word_1_117' title='bbox 674 2575 840 2655; x_wconf 86' lang='lat' dir='ltr'><strong>loquitur,</strong></span> <span class='ocrx_word' id='word_1_118' title='bbox 862 2574 924 2639; x_wconf 87' lang='lat' dir='ltr'><strong>acsi</strong></span> <span class='ocrx_word' id='word_1_119' title='bbox 944 2595 1007 2639; x_wconf 87' lang='lat' dir='ltr'><strong>eam</strong></span> <span class='ocrx_word' id='word_1_120' title='bbox 1029 2594 1094 2639; x_wconf 93' lang='lat' dir='ltr'><strong>non</strong></span> <span class='ocrx_word' id='word_1_121' title='bbox 1116 2575 1185 2641; x_wconf 76' lang='lat' dir='ltr'><strong>datal</strong></span> 
     </span>
     <span class='ocr_line' id='line_1_18' title="bbox 255 2690 1187 2774; baseline 0.001 -18"><span class='ocrx_word' id='word_1_122' title='bbox 255 2693 352 2774; x_wconf 72' lang='lat' dir='ltr'><strong>opera</strong></span> <span class='ocrx_word' id='word_1_123' title='bbox 381 2708 411 2756; x_wconf 93' lang='lat' dir='ltr'><strong>et</strong></span> <span class='ocrx_word' id='word_1_124' title='bbox 441 2690 581 2754; x_wconf 85' lang='lat' dir='ltr'><strong>adductis</strong></span> <span class='ocrx_word' id='word_1_125' title='bbox 614 2691 801 2772; x_wconf 82' lang='lat' dir='ltr'><strong>argumentis</strong></span> <span class='ocrx_word' id='word_1_126' title='bbox 831 2690 890 2756; x_wconf 87' lang='lat' dir='ltr'><strong>sibi</strong></span> <span class='ocrx_word' id='word_1_127' title='bbox 919 2693 1104 2773; x_wconf 79' lang='lat' dir='ltr'><strong>persuadere</strong></span> <span class='ocrx_word' id='word_1_128' title='bbox 1131 2712 1187 2757; x_wconf 85' lang='lat' dir='ltr'><strong>co·</strong></span> 
     </span>
     <span class='ocr_line' id='line_1_19' title="bbox 255 2804 1185 2889; baseline -0.002 -17"><span class='ocrx_word' id='word_1_129' title='bbox 255 2825 347 2872; x_wconf 88' lang='lat' dir='ltr'><strong>natus</strong></span> <span class='ocrx_word' id='word_1_130' title='bbox 369 2807 476 2879; x_wconf 84' lang='lat' dir='ltr'><strong>fuerit.</strong></span> <span class='ocrx_word' id='word_1_131' title='bbox 491 2804 532 2874; x_wconf 81' lang='lat'><strong>(¹)</strong></span> <span class='ocrx_word' id='word_1_132' title='bbox 587 2806 706 2870; x_wconf 86' lang='lat' dir='ltr'><strong>Primus</strong></span> <span class='ocrx_word' id='word_1_133' title='bbox 728 2806 788 2870; x_wconf 91' lang='lat' dir='ltr'><strong>hoc</strong></span> <span class='ocrx_word' id='word_1_134' title='bbox 812 2806 914 2885; x_wconf 85' lang='lat' dir='ltr'><strong>egisse</strong></span> <span class='ocrx_word' id='word_1_135' title='bbox 935 2808 1023 2871; x_wconf 88' lang='lat' dir='ltr'><strong>Plato</strong></span> <span class='ocrx_word' id='word_1_136' title='bbox 1042 2808 1185 2889; x_wconf 87' lang='lat' dir='ltr'><strong>videtur,</strong></span> 
     </span>
     <span class='ocr_line' id='line_1_20' title="bbox 258 2923 1187 3006; baseline 0.003 -20"><span class='ocrx_word' id='word_1_137' title='bbox 258 2941 316 2987; x_wconf 85' lang='lat' dir='ltr'><strong>nec</strong></span> <span class='ocrx_word' id='word_1_138' title='bbox 337 2938 437 2986; x_wconf 89' lang='lat' dir='ltr'><strong>tamen</strong></span> <span class='ocrx_word' id='word_1_139' title='bbox 461 2923 605 3006; x_wconf 89' lang='lat' dir='ltr'><strong>ipseper</strong></span> <span class='ocrx_word' id='word_1_140' title='bbox 630 2940 686 3003; x_wconf 85' lang='lat' dir='ltr'><strong>se,</strong></span> <span class='ocrx_word' id='word_1_141' title='bbox 710 2924 763 2987; x_wconf 87' lang='lat' dir='ltr'><strong>sed</strong></span> <span class='ocrx_word' id='word_1_142' title='bbox 789 2940 960 2988; x_wconf 88' lang='lat' dir='ltr'><strong>conversus</strong></span> <span class='ocrx_word' id='word_1_143' title='bbox 980 2923 1053 2987; x_wconf 87' lang='lat' dir='ltr'><strong>illuc</strong></span> <span class='ocrx_word' id='word_1_144' title='bbox 1073 2923 1187 3004; x_wconf 84' lang='lat' dir='ltr'><strong>Pytha·</strong></span> 
     </span>
     <span class='ocr_line' id='line_1_21' title="bbox 258 3038 1190 3123; baseline 0.006 -23"><span class='ocrx_word' id='word_1_145' title='bbox 258 3038 380 3123; x_wconf 78' lang='lat' dir='ltr'><strong>goricaie</strong></span> <span class='ocrx_word' id='word_1_146' title='bbox 405 3039 624 3121; x_wconf 79' lang='lat' dir='ltr'><strong>philosophiae</strong></span> <span class='ocrx_word' id='word_1_147' title='bbox 651 3039 867 3121; x_wconf 56' lang='lat' dir='ltr'><strong>auctoritate„</strong></span> <span class='ocrx_word' id='word_1_148' title='bbox 899 3040 979 3105; x_wconf 90' lang='lat' dir='ltr'><strong>Nam</strong></span> <span class='ocrx_word' id='word_1_149' title='bbox 1008 3042 1190 3107; x_wconf 86' lang='lat' dir='ltr'><strong>contineba-</strong></span> 
     </span>
     <span class='ocr_line' id='line_1_22' title="bbox 259 3154 1188 3227; baseline 0.008 -7"><span class='ocrx_word' id='word_1_150' title='bbox 259 3168 311 3220; x_wconf 88' lang='lat' dir='ltr'><strong>tur</strong></span> <span class='ocrx_word' id='word_1_151' title='bbox 343 3154 375 3218; x_wconf 86' lang='lat' dir='ltr'><strong>itr</strong></span> <span class='ocrx_word' id='word_1_152' title='bbox 409 3157 459 3221; x_wconf 86' lang='lat' dir='ltr'><strong>illa</strong></span> <span class='ocrx_word' id='word_1_153' title='bbox 490 3156 705 3221; x_wconf 88' lang='lat' dir='ltr'><strong>immortalitas</strong></span> <span class='ocrx_word' id='word_1_154' title='bbox 738 3157 911 3224; x_wconf 85' lang='lat' dir='ltr'><strong>animorum</strong></span> <span class='ocrx_word' id='word_1_155' title='bbox 943 3179 1012 3224; x_wconf 87' lang='lat' dir='ltr'><strong>cum</strong></span> <span class='ocrx_word' id='word_1_156' title='bbox 1047 3160 1188 3227; x_wconf 79' lang='lat' dir='ltr'><strong>doctrina</strong></span> 
     </span>
     <span class='ocr_line' id='line_1_23' title="bbox 257 3271 1188 3362; baseline 0.011 -28"><span class='ocrx_word' id='word_1_157' title='bbox 257 3271 297 3336; x_wconf 91' lang='lat' dir='ltr'><strong>de</strong></span> <span class='ocrx_word' id='word_1_158' title='bbox 319 3274 603 3358; x_wconf 81' lang='lat' dir='ltr'><strong>metempsychosi,</strong></span> <span class='ocrx_word' id='word_1_159' title='bbox 636 3291 700 3338; x_wconf 88' lang='lat' dir='ltr'><strong>tum</strong></span> <span class='ocrx_word' id='word_1_160' title='bbox 732 3281 891 3360; x_wconf 66' lang='lat' dir='ltr'><strong>poetarum</strong></span> <span class='ocrx_word' id='word_1_161' title='bbox 920 3295 954 3340; x_wconf 87' lang='lat' dir='ltr'><strong>ac</strong></span> <span class='ocrx_word' id='word_1_162' title='bbox 979 3277 1188 3362; x_wconf 89' lang='lat' dir='ltr'><strong>philosopho·</strong></span> 
     </span>
     <span class='ocr_line' id='line_1_24' title="bbox 257 3388 1189 3463; baseline 0.01 -10"><span class='ocrx_word' id='word_1_163' title='bbox 257 3406 325 3453; x_wconf 79' lang='lat' dir='ltr'><strong>tamt</strong></span> <span class='ocrx_word' id='word_1_164' title='bbox 356 3388 470 3455; x_wconf 85' lang='lat' dir='ltr'><strong>effatis.</strong></span> <span class='ocrx_word' id='word_1_165' title='bbox 535 3391 623 3456; x_wconf 83' lang='lat' dir='ltr'><strong>Plato</strong></span> <span class='ocrx_word' id='word_1_166' title='bbox 656 3411 730 3455; x_wconf 88' lang='lat' dir='ltr'><strong>vero</strong></span> <span class='ocrx_word' id='word_1_167' title='bbox 761 3394 883 3458; x_wconf 90' lang='lat' dir='ltr'><strong>demum</strong></span> <span class='ocrx_word' id='word_1_168' title='bbox 913 3414 982 3459; x_wconf 86' lang='lat' dir='ltr'><strong>cum</strong></span> <span class='ocrx_word' id='word_1_169' title='bbox 1013 3396 1082 3463; x_wconf 86' lang='lat' dir='ltr'><strong>aliis</strong></span> <span class='ocrx_word' id='word_1_170' title='bbox 1113 3414 1189 3462; x_wconf 89' lang='lat' dir='ltr'><strong>con·</strong></span> 
     </span>
     <span class='ocr_line' id='line_1_25' title="bbox 259 3503 1190 3593; baseline 0.014 -25"><span class='ocrx_word' id='word_1_171' title='bbox 259 3503 431 3570; x_wconf 86' lang='lat' dir='ltr'><strong>scribendis</strong></span> <span class='ocrx_word' id='word_1_172' title='bbox 458 3507 610 3588; x_wconf 83' lang='lat' dir='ltr'><strong>dialogis,</strong></span> <span class='ocrx_word' id='word_1_173' title='bbox 644 3524 708 3573; x_wconf 89' lang='lat' dir='ltr'><strong>tnm</strong></span> <span class='ocrx_word' id='word_1_174' title='bbox 743 3510 873 3575; x_wconf 82' lang='lat' dir='ltr'><strong>maxime</strong></span> <span class='ocrx_word' id='word_1_175' title='bbox 904 3511 1084 3593; x_wconf 77' lang='lat' dir='ltr'><strong>Phaedone,</strong></span> <span class='ocrx_word' id='word_1_176' title='bbox 1117 3515 1190 3581; x_wconf 88' lang='lat' dir='ltr'><strong>inde</strong></span> 
     </span>
     <span class='ocr_line' id='line_1_26' title="bbox 261 3625 1189 3706; baseline 0.014 -20"><span class='ocrx_word' id='word_1_177' title='bbox 261 3640 324 3686; x_wconf 91' lang='lat' dir='ltr'><strong>rem</strong></span> <span class='ocrx_word' id='word_1_178' title='bbox 346 3638 512 3706; x_wconf 89' lang='lat' dir='ltr'><strong>repetens,</strong></span> <span class='ocrx_word' id='word_1_179' title='bbox 535 3625 707 3689; x_wconf 86' lang='lat' dir='ltr'><strong>doctrinam</strong></span> <span class='ocrx_word' id='word_1_180' title='bbox 740 3626 771 3691; x_wconf 89' lang='lat' dir='ltr'><strong>io</strong></span> <span class='ocrx_word' id='word_1_181' title='bbox 801 3629 869 3691; x_wconf 84' lang='lat' dir='ltr'><strong>lucc</strong></span> <span class='ocrx_word' id='word_1_182' title='bbox 896 3631 1074 3696; x_wconf 87' lang='lat' dir='ltr'><strong>collocavit.</strong></span> <span class='ocrx_word' id='word_1_183' title='bbox 1120 3634 1189 3698; x_wconf 88' lang='lat' dir='ltr'><strong>Nec</strong></span> 
     </span>
     <span class='ocr_line' id='line_1_27' title="bbox 261 3740 1191 3832; baseline 0.014 -30"><span class='ocrx_word' id='word_1_184' title='bbox 261 3751 362 3804; x_wconf 86' lang='lat' dir='ltr'><strong>tamen</strong></span> <span class='ocrx_word' id='word_1_185' title='bbox 390 3755 461 3805; x_wconf 89' lang='lat' dir='ltr'><strong>ante</strong></span> <span class='ocrx_word' id='word_1_186' title='bbox 483 3740 686 3825; x_wconf 87' lang='lat' dir='ltr'><strong>Pythagoram</strong></span> <span class='ocrx_word' id='word_1_187' title='bbox 717 3760 746 3808; x_wconf 96' lang='lat' dir='ltr'><strong>et</strong></span> <span class='ocrx_word' id='word_1_188' title='bbox 767 3744 923 3810; x_wconf 84' lang='lat' dir='ltr'><strong>Platonem</strong></span> <span class='ocrx_word' id='word_1_189' title='bbox 951 3748 1077 3814; x_wconf 88' lang='lat' dir='ltr'><strong>latuisse</strong></span> <span class='ocrx_word' id='word_1_190' title='bbox 1100 3770 1191 3832; x_wconf 89' lang='lat' dir='ltr'><strong>pror-</strong></span> 
     </span>
    </p>
   </div>
   <div class='ocr_carea' id='block_1_7' title="bbox 1135 3885 1190 3935">
    <p class='ocr_par' dir='ltr' id='par_1_7' title="bbox 1135 3885 1190 3935">
     <span class='ocr_line' id='line_1_28' title="bbox 1135 3885 1190 3935; baseline 0.073 -4"><span class='ocrx_word' id='word_1_191' title='bbox 1135 3885 1190 3935; x_wconf 81' lang='lat' dir='ltr'><strong>sus</strong></span> 
     </span>
    </p>
   </div>
   <div class='ocr_carea' id='block_1_8' title="bbox 261 3978 1189 4132">
    <p class='ocr_par' dir='ltr' id='par_1_8' title="bbox 261 3978 1189 4132">
     <span class='ocr_line' id='line_1_29' title="bbox 296 3978 1189 4120; baseline 0.024 -90"><span class='ocrx_word' id='word_1_192' title='bbox 296 3978 394 4120; x_wconf 52' lang='grc' dir='ltr'><strong>(ἒὲόν.</strong></span> <span class='ocrx_word' id='word_1_193' title='bbox 406 3978 518 4050; x_wconf 67' lang='lat' dir='ltr'><strong>Wynb.</strong></span> <span class='ocrx_word' id='word_1_194' title='bbox 534 3981 564 4035; x_wconf 87' lang='lat' dir='ltr'><strong>in</strong></span> <span class='ocrx_word' id='word_1_195' title='bbox 580 3984 654 4056; x_wconf 83' lang='lat' dir='ltr'><strong>disp·</strong></span> <span class='ocrx_word' id='word_1_196' title='bbox 671 3987 704 4039; x_wconf 78' lang='lat' dir='ltr'><strong>de</strong></span> <span class='ocrx_word' id='word_1_197' title='bbox 715 3987 802 4042; x_wconf 81' lang='lat' dir='ltr'><strong>onim.</strong></span> <span class='ocrx_word' id='word_1_198' title='bbox 818 3990 937 4043; x_wconf 83' lang='lat' dir='ltr'><strong>immort.</strong></span> <span class='ocrx_word' id='word_1_199' title='bbox 955 3996 1055 4063; x_wconf 77' lang='lat' dir='ltr'><strong>opusc.</strong></span> <span class='ocrx_word' id='word_1_200' title='bbox 1071 3993 1138 4050; x_wconf 83' lang='lat' dir='ltr'><strong>vot.</strong></span> <span class='ocrx_word' id='word_1_201' title='bbox 1149 3995 1189 4051; x_wconf 84' lang='lat'><strong>11.</strong></span> 
     </span>
     <span class='ocr_line' id='line_1_30' title="bbox 261 4082 365 4132; baseline 0.019 -14"><span class='ocrx_word' id='word_1_202' title='bbox 261 4082 290 4132; x_wconf 82' lang='lat' dir='ltr'><strong>p.</strong></span> <span class='ocrx_word' id='word_1_203' title='bbox 358 4104 365 4120; x_wconf 89' lang='lat'>.</span> 
     </span>
    </p>
   </div>
   <div class='ocr_carea' id='block_1_9' title="bbox 0 0 1468 5168">
    <p class='ocr_par' dir='ltr' id='par_1_9' title="bbox 0 0 1468 5168">
     <span class='ocr_line' id='line_1_31' title="bbox 0 0 1468 5168; baseline 0 0"><span class='ocrx_word' id='word_1_204' title='bbox 0 0 1468 5168; x_wconf 95' lang='lat' dir='ltr'><strong> </strong></span> 
     </span>
    </p>
   </div>
  </div>
 </body>
</html>
