2896 5168
627 456 755 502 ‘¹222
778 472 821 487 ·-

259 618 336 683 ciem
362 632 528 684 mutantem
542 618 560 685 ‘i
573 614 615 684 (¹)
659 617 836 702 Ingreditur
855 619 896 682 ita
915 617 1058 686 Socrates
1075 622 1115 688 de
1133 624 1195 686 im·

258 735 472 802 mutabilitate
494 734 562 815 ‚Dei
590 752 626 800 ac
654 738 827 801 veracitate
856 735 976 801 dicere:
1030 751 1194 821 utramque

258 867 360 917 autern
382 851 541 917 edivinae
561 866 690 917 naturae
706 852 810 916 indole
827 854 953 934 reperit.
1007 853 1192 938 Quidquid,

255 968 320 1048 ait,
342 968 476 1051 speciem
502 983 601 1033 irrotat
622 988 730 1049 suam,
752 971 801 1032 vei
822 989 877 1050 per
895 986 995 1036 semet
1017 971 1120 1054 ipsum
1143 974 1194 1040 in·

255 1087 435 1164 trinsecus,
456 1087 506 1149 vel
528 1086 722 1150 extrinsecus
742 1086 781 1148 ab
803 1086 863 1150 aiio
891 1101 1042 1153 mutatur.
1096 1090 1195 1174 Quod

255 1223 331 1268 vero
351 1203 471 1285 optime
490 1222 524 1266 se
544 1203 666 1282 hahet,
686 1202 812 1266 minime
832 1218 881 1268 est
900 1203 1069 1270 mutationi
1091 1206 1194 1272 obno-

256 1320 356 1385 xium.
401 1319 500 1398 Atqui
520 1324 535 1389 ὃ
558 1322 619 1394 oete
638 1349 673 1389 τε
693 1323 744 1388 rexi
763 1326 804 1389 ari
827 1328 880 1389 τοῦ
902 1326 965 1390 tart
984 1327 1084 1402 edm
1102 1326 1210 1408 ἄρασα·

255 1437 336 1520 ἔχει·
357 1439 455 1520 ταύτῃ
473 1439 509 1513 ti
529 1436 619 1514 ἥκιςα
641 1438 680 1505 ἂν
701 1439 821 1511 πολλὰς
843 1441 966 1521 μορφὰς
984 1439 1065 1521 ἴσχοι
1081 1440 1096 1506 i
1115 1442 1190 1514 θεός.

253 1552 341 1620 Deus
368 1573 477 1638 resque
502 1551 629 1618 divinae
657 1556 768 1638 optime
787 1573 818 1617 se
837 1553 973 1618 habent:
994 1554 1190 1636 quamobrem

254 1673 380 1736 minime
390 1670 476 1735 Deus
488 1670 604 1735 multos
615 1668 743 1733 aliunde
751 1669 873 1742 formas
885 1672 1045 1755 suscipiat.
1089 1670 1193 1735 Num·

150 1802 152 1806 ⁴
254 1788 333 1870 quid
352 1806 428 1853 veto
448 1806 506 1871 per
523 1800 620 1850 sernet
640 1786 742 1867 ipsunt
757 1787 845 1853 Deus
863 1804 898 1851 se
917 1785 1084 1851 immutet?
1106 1785 1192 1866 Sed,

253 1906 287 1973 id
299 1906 326 1970 si
350 1904 457 1983 fieret,
481 1905 513 1968 in
535 1905 624 1987 pejus
646 1923 681 1969 se
701 1916 857 1968 mutaret:
879 1920 948 1967 tram
970 1902 1107 1985 indigum
1123 1903 1194 1984 pul·

251 2022 416 2090 ctitndinis
436 2024 486 2085 trel
505 2022 631 2086 virtutis
645 2023 745 2087 Deum
758 2041 846 2100 csse,
858 2020 1100 2086 hauddicanttrs.
1131 2020 1189 2084 Pe·

249 2142 349 2225 jorem
360 2156 482 2203 verose
493 2139 617 2201 reddere
628 2157 684 2202 nee
698 2140 785 2202 Deus
797 2156 852 2202 nec
869 2138 1064 2203 iromoneiit.
1089 2135 1186 2221 Quod

251 2269 355 2321 autent
375 2257 472 2335 vulgo
491 2253 624 2332 dieunt,
648 2253 769 2319 mentiri
787 2254 921 2319 subinde
935 2257 1043 2333 Deos,
1066 2267 1101 2319 ut
1114 2253 1189 2319 alie·

252 2376 294 2439 ni
324 2372 384 2437 sub
415 2370 520 2453 specie
548 2371 729 2435 hominibus
752 2388 958 2454 apparentes,
981 2372 1105 2456 prosint
1125 2371 1186 2439 iist

254 2490 372 2571 duplex
400 2484 591 2552 mendacium
618 2502 684 2566 est,
714 2489 843 2553 alterurn
869 2509 999 2568 verum,
1031 2489 1095 2553 veri
1113 2490 1191 2555 aite-

252 2626 320 2672 turn
342 2607 466 2690 imago:
511 2606 591 2672 iliud
615 2625 726 2671 ornnes
747 2607 832 2671 omni
851 2625 929 2671 aevo
948 2622 979 2671 et
1003 2605 1056 2673 Dii
1077 2621 1109 2671 et
1130 2606 1190 2671 ho·

253 2724 352 2789 mines
371 2724 537 2789 oderuntr'
569 2739 619 2789 est
640 2725 722 2788 eninr
745 2724 917 2807 ignorantia
936 2744 1060 2804 retunt,
1083 2738 1118 2789 ut
1137 2743 1189 2790 se·

252 2858 315 2907 met
343 2841 448 2925 ipsum
479 2842 552 2922 quis
581 2842 737 2922 decipiat:
779 2841 881 2923 imago
901 2860 1002 2906 autent
1023 2840 1087 2906 veti
1104 2858 1190 2907 rnen·

249 2958 350 3035 dacii,
374 2978 454 3039 quae
486 2957 590 3023 verbis
617 2956 774 3039 factisque
802 2977 837 3022 se
868 2957 974 3040 prodit
1001 2956 1188 3039 fallacinm,

252 3092 356 3154 neque
377 3076 452 3138 haec
473 3074 563 3139 etiarn
587 3073 619 3138 in
632 3075 733 3139 Dentn
749 3076 852 3141 cadit:
876 3094 946 3140 nant
965 3094 1036 3140 cunr
1057 3076 1190 3143 adaiios

252 3188 452 3271 decipiendos
475 3190 648 3271 pertineat,
670 3192 724 3257 tali
744 3193 927 3272 mendacio,
950 3208 985 3256 ut
1008 3193 1190 3261 horninibus

251 3308 378 3389 prosit,
401 3309 487 3373 Dens
513 3326 578 3372 non
601 3310 723 3390 utitut3
750 3315 854 3394 κομιδῇ
882 3312 974 3395 epar
993 3314 1054 3387 ieie
1072 3316 1192 3383 ὶπλοῦν

252 3426 304 3492 καὶ
324 3429 432 3501 ἀληθὲς
459 3427 489 3492 ἓν
517 3453 553 3493 τε
582 3430 659 3510 ἔργῳ
680 3429 731 3527 atari
756 3431 787 3495 ἐν
805 3430 900 3512 λόγῳ·
936 3432 987 3496 καὶ
1006 3432 1075 3498 οὔτε
1096 3435 1190 3508 αὐτὸς

253 3545 438 3621 perimet,
459 3544 527 3609 οὔτε
550 3548 662 3617 iratae
685 3547 850 3629 ἐξαπατᾷ,
871 3548 940 3613 οὔτε
961 3550 1045 3615 κατὰ
1068 3556 1191 3631 sparta·

253 3659 343 3734 ritae,
365 3660 432 3723 οὔτε
449 3660 532 3725 κατὰ
549 3660 683 3737 λόγους,
704 3662 771 3728 οὔτε
790 3663 873 3728 sari
894 3664 1024 3744 σημείων
1042 3670 1188 3747 πομπᾶς,

253 3770 313 3839 οὐθ’
329 3771 407 3854 ὕπαρ
427 3771 489 3842 οὐδ’
507 3774 591 3857 ὄναρ.
643 3772 752 3858 Quare
769 3792 800 3840 ct
817 3779 946 3865 simplex
961 3782 1082 3846 ommno
1102 3779 1190 3848 Deus

287 3991 328 4059 (t)
352 3992 396 4041 De
411 3993 483 4060 Rep.
496 3990 538 4043 ii.
556 3991 607 4043 380
624 3990 664 4044 D.
1143 3912 1191 3965 m
