2896 5168
622 470 818 516 ..200-

172 703 174 707 ⁷
254 628 315 694 lam
336 645 400 695 non
422 625 543 694 obviam
566 642 596 694 et
618 627 717 715 ipsam
735 628 891 715 explicare
908 644 939 707 et
962 628 1036 698 inde
1054 631 1191 700 demon·

256 730 541 829 strare'opiniones'
561 737 633 810 suas
654 743 839 829 niterentur.
880 740 1104 813 Perturbarunt
1131 748 1189 830 igi·

257 875 311 928 tur
329 861 456 942 omnia,
478 854 681 944 suscepitque
700 860 772 927 hinc
792 852 981 948 etymologia
1010 864 1093 947 apud
1119 881 1189 947 ger·

139 982 143 991 ‘
257 996 368 1051 manos
397 994 461 1042 non
493 976 595 1043 solum
622 977 860 1063 grammatiops,
894 979 951 1047 sod
977 980 1187 1065 philosophos

257 1091 351 1173 etiam
372 1089 529 1158 infamiam
554 1095 732 1176 quandam,
753 1097 845 1180 cujus
872 1095 940 1178 ipsa
961 1097 1040 1163 adeo
1073 1095 1192 1180 lingua

260 1230 329 1280 rum
350 1207 552 1294 philosophia
572 1213 727 1296 particeps
751 1209 824 1278 fuit.
870 1212 940 1278 Hoc
960 1231 1035 1278 vero
1049 1230 1191 1281 necom-

254 1331 442 1408 mittamus,
464 1327 520 1393 sed
547 1340 675 1405 contra,
698 1326 944 1408 elegantissimae
974 1327 1191 1409 disquisitioni
1303 1383 1311 1398 .

249 1459 353 1519 ,suum
374 1440 572 1505 restituamus
594 1439 768 1519 honorem,
792 1440 966 1506 secundum
988 1455 1189 1528 praeceptum

249 1555 398 1623 Platonis
418 1570 483 1619 non
502 1571 541 1619 ex
559 1552 694 1639 imagine
713 1553 832 1622 discere
851 1572 883 1623 et
899 1539 1062 1643 imaginem
1083 1572 1116 1625 et
1137 1577 1192 1625 ve·

252 1667 382 1757 ritatem
404 1681 555 1752 oportet,
572 1669 629 1735 sed
650 1670 726 1735 haec
747 1671 841 1755 longe
869 1675 1002 1743 samius
1022 1675 1073 1741 eal
1094 1681 1194 1760 rape·

136 1803 141 1812 '
247 1791 336 1874 ·,cipa
355 1793 374 1869 ti
394 1790 522 1871 pollucta
543 1801 611 1866 est,
639 1790 674 1857 ἐκ
695 1797 750 1866 τῆς
770 1792 911 1869 Amisiae
930 1792 1024 1869 adesir
1046 1817 1080 1859 νε
1099 1793 1193 1868 airis

251 1903 404 1985 efficere,
437 1908 488 1975 rael
517 1908 571 1983 riv
600 1907 700 1975 alalon
729 1911 847 1987 αὐτῆς,
878 1909 904 1975 ai
925 1909 1092 1990 πρεπόντως
1112 1910 1196 1977 aian·

253 2049 314 2110 ι,ςνν
326 2019 382 2090 (1).
425 2019 505 2086 Rem
527 2020 632 2100 lorte,
654 2019 680 2085 si
708 2019 906 2087 etiamnunc
933 2023 1094 2089 nonnullis
1119 2022 1194 2089 suh·

254 2137 396 2211 obscura
416 2151 488 2218 est,
509 2135 610 2220 ipsius
638 2136 794 2203 illustrare
822 2136 962 2205 Platonis
988 2142 1130 2223 exemplo
1158 2140 1199 2219 li·,

253 2271 358 2325 teat..
395 2254 502 2338 Quum
526 2253 646 2320 tradere
672 2253 699 2318 is
725 2253 759 2320 in
788 2252 954 2321 scribendo
976 2256 1123 2345 Sophiste!
1141 2275 1194 2323 ve·

254 2373 417 2443 rissimam
449 2372 661 2453 dialecticam,
685 2389 764 2455 quae
795 2372 950 2437 cernendo
971 2373 1197 2456 iungendoque

258 2504 411 2571 constat,
424 2489 634 2571 instituisset,
647 2505 712 2555 non
729 2485 885 2553 continuo
904 2488 998 2553 verba
1020 2488 1094 2568 illa,
1114 2506 1195 2571 quae

255 2603 398 2686 excitet,
430 2608 555 2687 leniris,
587 2609 733 2691 lunga,
765 2608 930 2689 βράττειν,
962 2609 1114 2690 διακρίνειν
1131 2606 1195 2688 (²),

265 2723 399 2802 similia,
422 2721 617 2804 exploravit,
639 2704 676 2786 ut
699 2737 739 2786 ex
767 2718 840 2800 his,
863 2733 1018 2802 tamquam
1036 2697 1101 2787 veri
1121 2719 1197 2789 ima·

253 2837 413 2924 g'mibus,
434 2835 581 2902 cemendi
598 2813 680 2900 illam
701 2847 798 2900 artem
815 2834 973 2917 efficeret,
996 2837 1053 2903 sed
1068 2834 1193 2918 ingenio
1215 2901 1217 2905 .

255 2956 337 3039 ipse
367 2971 428 3020 suo
459 2950 689 3036 excogitaverat
715 2952 794 3019 hane
819 2966 936 3034 artem,
958 2966 1025 3019 tum
1045 2971 1122 3021 vero
1143 2970 1198 3023 ex·

256 3072 400 3158 ‚primere
429 3083 462 3139 et
485 3070 659 3150 declarare,
693 3070 779 3156 quod
799 3072 1051 3156 excogitaverat,
1083 3070 1194 3154 nisus,

255 3191 300 3272 ,in
327 3190 377 3255 his
405 3187 509 3254 verbis
532 3185 593 3255 sibi
621 3184 710 3253 visus
732 3200 781 3252 est
807 3184 954 3252 cernendi
983 3186 1067 3251 illam
1094 3187 1200 3254 notio·

268 3326 340 3377 uem
362 3304 603 3388 deprehendere.
646 3305 716 3369 Nec
735 3304 793 3369 alia
817 3301 896 3368 ratio
924 3317 1032 3367 eorum
1057 3318 1129 3366 esse
1150 3301 1201 3367 vi·

257 3425 384 3502 detur,
407 3420 462 3502 qui
480 3417 624 3510 quamvis
644 3438 732 3501 non,
752 3432 790 3483 ut
806 3419 916 3497 Plato,
937 3415 1114 3483 inveniendi
1124 3432 1200 3489 sunt

254 3536 421 3605 incohare
440 3534 595 3627 praediti,
616 3535 745 3601 Inventa
764 3533 902 3601 Platonis
922 3533 1118 3617 interpretari
1132 3547 1201 3603 stu·

255 3651 367 3725 ¹dent:
392 3651 477 3732 quod
489 3649 742 3740 cujusmodisit,
765 3667 826 3714 usu
845 3626 990 3732 equidem
1008 3647 1041 3715 in
1060 3647 1110 3714 his
1125 3667 1204 3727 con·

254 3765 445 3845 ‚scribendis
480 3763 699 3851 philosophiae
728 3763 906 3855 Platonicae
938 3764 1037 3837 initiis
1075 3765 1199 3851 saepius

991 3860 995 3869 .
1048 3862 1052 3869 .
1093 3870 1097 3874 ,
1146 3899 1201 3951 εχ·

304 4016 476 4089 (egerant.
492 4017 602 4088 ⁴qu.
674 4017 718 4091 (ν)
737 4015 969 4081 eumenen.
1111 4028 1146 4089 J:
