2896 5168
466 436 470 445 .
528 343 710 449 'rii-⁸

156 562 191 631 et
215 548 355 627 veritat,
378 543 465 611 aliud
493 544 525 609 id
551 563 620 622 esse
649 559 682 610 et
703 546 844 630 pulcrius
868 547 961 617 etiam
989 552 1096 619 existi·

157 685 272 747 mans,
293 647 381 730 recte
404 660 644 729 existimaveris.
689 660 857 753 Sclentiam
889 683 966 730 vero
993 680 1025 731 et
1041 687 1095 736 ve·

143 784 303 862 ritatem,
326 795 362 845 ut
392 778 456 845 illic
484 775 589 844 visum
617 793 648 844 et
672 779 772 846 lucem
805 785 931 859 ἡλιοειδῆ
959 801 1095 868 vocare,
1209 867 1213 876 Ι

159 916 265 978 recte,
286 901 367 979 ἥιιιι
392 912 526 974 vocare,
547 912 613 960 non
634 911 718 963 recte
744 914 780 962 se
801 896 959 976 habebat,
980 898 1022 963 ita
1043 899 1096 967 hle

160 1017 253 1083 ambo
282 1015 396 1107 haecce
427 1014 587 1092 ἀγαθοειδῆ
619 1012 776 1094 appellare
805 1024 954 1094 oportet,
984 1017 1100 1094 ἀγαθὸν

162 1150 238 1197 vero
262 1131 418 1212 appellare
446 1104 629 1193 alterutrum
644 1164 659 1209 ,·
688 1146 753 1193 non
777 1142 928 1212 oportet,
959 1129 1016 1195 sed
1037 1147 1102 1196 ma·

161 1248 231 1331 jore
258 1245 349 1311 etiam
386 1246 508 1309 honore
540 1244 698 1310 celebrare
723 1244 801 1310 boni
829 1245 894 1311 vim
923 1246 1023 1312 decet.
1054 1281 1102 1311 -.-

163 1365 346 1440 immensam
376 1361 621 1446 pulcritudinem
658 1381 787 1443 narras,
804 1448 807 1453 ι
823 1363 850 1429 si
882 1361 1041 1431 scientiam
1071 1379 1104 1439 et

164 1481 323 1569 ueritatem
346 1479 499 1564 praebet,
539 1479 643 1563 ipsum
672 1499 749 1546 veto
778 1481 866 1548 hisce
892 1483 1107 1566 pulcritudine

118 1574 126 1587 ⁸
164 1613 313 1683 praestat.
356 1599 435 1666 Non
462 1596 607 1683 profecto
628 1612 665 1663 tu
692 1597 770 1663 illud
800 1600 989 1689 voluptatem
1020 1600 1108 1675 dixe·
1148 1682 1153 1697 ἢ

165 1716 222 1783 ris.
245 1755 289 1769 -
310 1716 398 1781 Bona
420 1714 539 1796 verba,
561 1732 692 1796 quaeso.
716 1714 762 1776 (ι)

177 1900 180 1905 ,
211 1832 363 1899 Sublimia
389 1833 465 1898 haec
487 1849 561 1898 sane
583 1847 685 1912 sunt,
708 1845 744 1896 ut
768 1849 860 1916 aegre
881 1832 1040 1898 Socratem
1059 1851 1110 1900 aa·
1150 1818 1154 1827 ¹

170 1964 319 2029 sequatur
340 1949 479 2016 Glauco.
522 1949 581 2015 Ille
605 1967 681 2014 vero
712 1947 807 2014 altius
836 1947 929 2015 etiam
955 1947 1110 2018 escendit.

172 2065 225 2133 Sic
244 2081 347 2130 autem
368 2066 499 2150 potius,
531 2066 659 2149 iuquit,
691 2066 763 2132 boni
783 2042 946 2152 imaginem
966 2065 1113 2134 consido·

174 2200 219 2245 ra.
267 2181 370 2246 Solem
399 2182 664 2263 adspectabillbus
697 2183 813 2265 rebus,
836 2183 952 2264 credo,
974 2203 1039 2251 nou
1060 2203 1114 2250 so·

175 2301 241 2364 lum
262 2297 326 2364 vim
356 2310 394 2362 ut
426 2310 592 2361 cernantur
625 2293 773 2377 praebere
800 2296 943 2376 dixeris,
974 2298 1031 2384 sed
1062 2316 1117 2383 ge·

176 2415 367 2480 laetationem
416 2410 509 2476 etiam
537 2424 570 2476 et
598 2408 789 2475 incrementa
824 2424 857 2476 et
885 2409 1114 2497 nutritionem3

77 2592 82 2600 .
178 2549 277 2613 quum
301 2543 403 2595 tamen
432 2526 502 2610 ipse
519 2544 586 2592 non
608 2525 650 2591 sit
676 2526 847 2610 generatio.
870 2565 915 2579 -
937 2522 1012 2614 Qiro
1033 2529 1117 2598 euim
1228 2548 1231 2552 ·

179 2662 272 2731 pacto
302 2646 334 2712 id
357 2643 426 2710 siti
457 2681 502 2696 -
531 2644 582 2709 Sic
606 2642 818 2729 intelligibiles
848 2664 897 2711 res
923 2646 1022 2712 dicito
1051 2667 1118 2717 non

179 2768 284 2842 solum
312 2765 372 2829 hoc
395 2782 412 2829 a
432 2763 506 2830 bono
531 2761 718 2845 percipere,
741 2775 777 2826 ut
804 2761 1042 2848 intelligantur,
1064 2766 1121 2833 sod

181 2882 297 2961 etiam,
331 2860 365 2944 ut
394 2883 482 2946 tint:
516 2883 615 2950 violat
645 2878 683 2944 iis
715 2877 788 2943 inde
814 2881 981 2950 accedere:
1012 2902 1122 2965 quam-

70 3006 74 3013 ’
183 3016 275 3081 quam
303 3012 367 3063 oon
398 3000 483 3066 alala
515 3009 564 3060 est
596 2995 728 3074 bortum,
770 2996 826 3058 sed
856 2996 917 3060 hoc
955 2998 1001 3062 illi
1025 2999 1059 3064 vi
1088 3015 1122 3069 et

184 3113 349 3191 nobilitate
377 3112 473 3195 longe
497 3112 656 3195 longeque
674 3111 846 3193 praecellit.
892 3112 955 3178 ch
977 3114 1124 3202 Glauco,

186 3229 352 3295 ridiculum
380 3228 413 3294 in
441 3228 569 3295 modum
589 3230 788 3311 exclamans,
806 3233 978 3310 Ἄπολλον,
1000 3232 1126 3325 inquit,

188 3352 341 3435 tertullae
363 3345 553 3441 ria-efflantis!
597 3345 664 3432 eui
694 3347 863 3428 socrates,
876 3386 880 3393 ·
895 3363 942 3415 tu*
958 3325 1057 3435 vero,
1079 3353 1129 3421 ill·-

189 3465 286 3545 qult,
318 3465 351 3530 in
383 3467 477 3547 culpa
504 3483 564 3546 es,
597 3464 654 3548 qui
683 3483 735 3531 me
764 3465 928 3552 coigeris‚
963 3482 1019 3554 ut,
1049 3489 1131 3554 quae

191 3580 381 3649 ridebantur
408 3580 511 3664 milri,
540 3581 675 3650 dicerem
697 3579 755 3650 (a).

623 3751 631 3757 .
1078 3703 1129 3773 lta

231 3835 272 3905 (ι)
291 3831 421 3904 urum
438 3833 492 3898 vr.
507 3834 570 3892 tot.
584 3835 674 3890 ru-
686 3820 749 3909 m,
771 3837 807 3890 ι.
876 3838 920 3913 ta)
937 3837 1008 3895 aad
1024 3839 1131 3927 pt„

196 3933 280 3994 no
1064 3939 1068 3948 ·
