2896 5168
542 509 716 555 ...21-

162 677 230 741 aaiu
251 674 334 753 γένος
356 680 422 754 νικᾷ
444 672 485 738 τὰ
506 669 592 737 ἄλλα
612 672 697 749 γένη.
744 668 804 733 Hie
826 675 958 737 rationis
980 672 1090 737 ductus

162 801 227 865 est,
252 806 368 851 aureus
386 785 441 848 ille
461 797 492 848 ot
513 803 624 849 sacer:
644 787 763 849 caeteri
783 783 860 850 dura·
879 804 951 852 auru
976 803 1007 853 et
1018 790 1091 872 fcr-

165 905 237 983 ru',·
277 902 327 965 hic
357 919 430 965 uero
461 900 581 979 mollis,
622 903 735 988 quippe
765 923 903 969 aureus:
936 925 1092 994 quumque

164 1021 282 1085 caetera·
301 1020 412 1082 variae
431 1020 495 1085 sint
507 1017 655 1099 formae,
688 1019 740 1084 hos
761 1034 878 1107 oportet
900 1021 1092 1108 pulcerrimo

165 1137 242 1220 legis
264 1133 374 1200 ductui
393 1133 616 1202 obsecundare:
649 1155 722 1200 nam
739 1137 913 1221 praeclara
936 1143 1091 1204 ruratio

165 1265 229 1332 est,
250 1249 323 1331 scd,
343 1271 439 1337 quam
464 1253 539 1318 lenit
559 1256 601 1317 'sit
622 1273 676 1318 nec
691 1254 869 1335 uehemens,
895 1253 1006 1321 ductus
1026 1256 1091 1340 qus

166 1359 319 1434 minitaris
348 1387 420 1453 opus
451 1369 567 1450 habet,
595 1385 631 1433 ut
660 1390 791 1436 aureum
825 1386 963 1438 nostrum
991 1391 1089 1457 genus

164 1501 290 1551 caetera
307 1505 424 1570 genera
444 1488 563 1551 vincat.
589 1483 631 1551 (¹)

375 1749 527 1814 Animi
558 1772 645 1815 cum
679 1774 880 1838 equorum

276 1890 386 1973 jugo
419 1904 458 1955 et
490 1892 653 1974 aterigo
681 1895 970 1980 comparatio.

209 2159 271 2224 Sed
302 2160 431 2226 rationis
464 2160 496 2227 iu
527 2159 631 2225 animo
660 2158 896 2241 auctoritatem,
928 2160 1092 2244 praecipue

89 2327 93 2333 .
166 2290 289 2355 autem,
321 2278 407 2360 quod
436 2278 468 2342 in
494 2276 542 2342 his
562 2274 684 2343 monuit
703 2276 829 2357 Hospes
849 2275 923 2356 ille,
944 2279 1091 2361 ὑπηρετῶν

165 2396 275 2462 δεῖσθαι
296 2393 363 2476 ejus
383 2396 533 2474 armaio,
569 2406 603 2459 ut
624 2391 837 2457 auctoritatem
863 2392 977 2458 hancce
1005 2411 1092 2457 suam

166 2522 259 2589 atque
275 2508 438 2590 imperium
453 2524 592 2574 exerceat
607 2523 752 2591 recteque
768 2509 811 2574 ita
828 2525 914 2592 regat
936 2506 1093 2588 animum,

167 2623 241 2687 hacc
274 2622 369 2708 igitur
390 2620 477 2690 Plato
497 2627 590 2708 longe
611 2625 798 2707 pulcerrimo
819 2644 854 2689 ac
875 2623 1001 2690 sublimi
1023 2627 1094 2690 ioco

168 2758 239 2806 cum
269 2740 441 2824 explicuit,
476 2756 541 2806 tum
575 2743 733 2822 poitarum
759 2741 855 2805 instar
876 2740 973 2806 veluti
995 2741 1094 2805 oculis

168 2858 285 2922 nostris
314 2859 508 2940 proposuit,
543 2857 596 2921 ubi
631 2858 788 2922 Socratem
817 2855 938 2921 induxit
960 2854 1094 2921 animum

170 2989 320 3051 equorum
343 2975 419 3057 J'ugo
445 2986 696 3055 comparantem,
729 2989 810 3052 quos
835 2971 938 3056 auriga
959 2974 1096 3038 modere·
1172 3060 1175 3064 Δ

171 3102 236 3151 tur.
291 3087 404 3152 Exstat
433 3092 524 3154 locus
556 3090 586 3153 in
617 3088 735 3171 hymno
766 3087 878 3157 amoris
911 3087 1095 3166 Platonico,

172 3222 263 3283 quem
297 3202 406 3285 partim
438 3204 655 3286 tractavimus,
689 3223 785 3286 quum
814 3205 846 3270 in
872 3205 973 3287 pulcri
994 3205 1097 3286 philo·

170 3320 285 3403 sophii
317 3321 355 3384 de
383 3306 558 3391 tataaeiue'u
585 3321 698 3386 emotis
728 3321 914 3404 agebamus:
943 3317 984 3388 (π)
1014 3340 1097 3388 nunc

171 3453 272 3502 autem
294 3439 473 3520 gravissima
494 3438 561 3520 ejus
583 3456 673 3519 pars,
696 3454 775 3517 quae
801 3456 946 3520 praescus
968 3439 1027 3502 hoc
1050 3455 1098 3502 ar·

171 3570 350 3636 gementum
380 3571 520 3636 spectat,
542 3554 725 3619 attendenda
746 3552 839 3618 nobis
860 3553 1096 3635 diligentissime

171 3646 304 3740 videtur.
348 3671 458 3756 Qualis
478 3670 519 3736 sit
539 3671 681 3749 animus,
715 3670 760 3733 sic
782 3670 882 3752 pergit
905 3669 967 3734 illic
989 3673 1094 3736 Socra·

939 3828 949 3848 ·
1028 3804 1099 3869 tes,

205 3977 247 4047 (ι)
267 3981 350 4051 legg.
363 3981 387 4033 1.
408 3980 458 4035 645
478 3981 511 4031 Α.
542 3981 576 4033 V.
596 3938 702 4050 impar.
720 3988 749 4032 ei
774 3979 814 4031 de
832 3943 943 4042 Geor,
965 3979 1098 4033 Diatribe

170 4065 199 4116 iu
213 4066 273 4136 pol.
290 4067 338 4118 ΡΙ.
352 4070 447 4138 princ·
463 4086 491 4137 p·
509 4069 552 4124 86.
674 4072 715 4140 (a)
734 4068 800 4122 vot.
813 4071 837 4124 1.
854 4088 881 4138 p·
898 4070 941 4139 87·
