2896 5168
760 479 896 552 ·-‘1'a'4
916 509 971 544 -,

390 654 470 721 utile
498 631 633 720 omnino
654 649 812 735 negotium
841 636 914 731 est,
937 636 1014 732 quid
1031 638 1226 734 cognoscere
1237 647 1320 735 pos}

389 772 510 852 aimus,
544 769 620 851 quid
643 785 707 833 non
737 767 920 849 possimus,
953 766 1126 832 describere
1153 782 1319 849 accurate,

390 909 457 974 quo
481 859 583 971 magis
606 884 643 949 ab
673 883 840 951 affirmandi
869 883 1090 966 statuendique
1118 873 1321 965 temeritate,·

390 1001 551 1088 quaesere
568 982 616 1066 est
638 1001 901 1086 philosophorum
921 1003 1070 1085 propria,
1084 1001 1321 1082 abstineamus,

389 1120 446 1185 sed
472 1119 705 1201 demonstrare,
729 1120 805 1201 quid
824 1138 950 1184 caussae
977 1121 1042 1197 sit,
1074 1134 1109 1183 ut
1142 1137 1220 1201 quae
1240 1131 1321 1202 pos··

388 1248 465 1298 sunt
497 1252 686 1318 cognoscere
724 1237 892 1312 mortales,
927 1251 992 1298 non
1022 1235 1213 1315 exquirant,
1247 1243 1322 1301 turn¹

388 1347 505 1429 etiam,
527 1350 784 1432 quemadmodum
804 1367 838 1412 ea
859 1347 1009 1424 facillima
1027 1349 1145 1413 ratione
1170 1369 1239 1413 cum
1262 1338 1320 1414 ert-¹

391 1464 514 1547 quirere
542 1464 650 1529 iisdem
681 1464 770 1528 liceat
801 1477 866 1527 tum
894 1453 1055 1542 invenire,
1079 1464 1133 1544 id,
1165 1466 1313 1547 inquam,

389 1578 601 1644 demonstrare
628 1564 778 1660 viamque¹
796 1583 860 1661 qui
882 1598 921 1645 eo
950 1579 1147 1661 perveniatur
1171 1582 1320 1645 ostende-¹

343 1767 346 1771 ⁴
391 1712 450 1778 te,
472 1695 597 1780 maj0ris
626 1695 716 1760 etiam
746 1713 816 1761 esse
850 1710 882 1761 et
904 1715 1042 1761 summae
1068 1696 1209 1762 utilitatis
1231 1697 1322 1762 vide-¹

390 1826 456 1880 tur.
499 1811 679 1894 Utrumque
700 1829 800 1877 autem
818 1795 902 1877 ‘illud
922 1803 1076 1898 praestitit
1094 1813 1186 1878 nobis
1213 1813 1321 1878 Plato.'

391 1927 469 1994 Non
496 1912 545 1993 res
573 1927 649 2006 ille,
672 1911 783 2008 quum
800 1931 838 1992 de
857 1929 973 1992 mundo
1005 1934 1094 2014 νοητῷ
1122 1946 1246 2010 ageret,
1281 1935 1322 1995 ut'
1382 1979 1386 1990 ,

315 2058 317 2063 ’
391 2042 466 2129 alii,
497 2042 650 2129 respexit..
697 2040 772 2108 Non
799 2043 889 2108 linxit
916 2044 947 2109 in
980 2046 1129 2127 speluncl
1150 2044 1323 2127 homines,

391 2158 449 2242 qui
486 2159 624 2244 caliginis
655 2163 766 2225 caussa
798 2161 849 2225 vix
882 2161 1051 2243 quidquam
1075 2162 1321 2243 conspicerentt'

389 2279 481 2361 quod
503 2276 536 2342 in
556 2276 707 2343 'aliorum‘
725 2277 868 2358 quadrat·
889 2277 1153 2360 philosophorum
1187 2278 1323 2362 placita,

393 2395 448 2477 qui
465 2373 571 2462 'rerum
598 2375 773 2459 conditioni
801 2393 950 2458 obscurae
970 2407 1003 2458 et
1032 2394 1230 2472 reconditae,
1254 2401 1323 2458 non'

386 2511 530 2579 hominis
557 2510 701 2591 torpori,
733 2490 935 2591 ignorantiam
969 2508 1112 2571 tribuunt
1141 2510 1316 2576 humanam.

392 2627 432 2692 ln
457 2625 562 2690 fabula
583 2623 720 2690 Platonis
742 2621 824 2706 ignis
846 2622 931 2687 adest
955 2611 1131 2701 continuo,
1155 2624 1241 2688 adest
1267 2626 1315 2689 lu·

392 2753 506 2822 eatque
537 2741 609 2805 sol:
643 2739 805 2822 finguntur
833 2754 909 2802 vero
929 2736 1044 2823 captiui
1076 2756 1132 2802 nec
1155 2740 1192 2801 ad
1214 2740 1326 2822 ignem·

394 2874 452 2923 nec
480 2857 519 2922 ad
543 2855 641 2921 solem
675 2852 775 2919 oculis
808 2854 976 2934 conversi,
1009 2853 1128 2938 quippe
1149 2855 1263 2938 captivi
1286 2873 1318 2922 et
1390 2940 1391 2944 Ἰ

309 2966 311 2970 ’
394 2969 530 3040 vinculis
556 2970 710 3052 cohibiti,
732 2988 797 3053 quo
824 2969 928 3036 minus
951 2971 989 3035 ab
1017 2966 1144 3035 umbris'
1166 2956 1200 3038 se
1219 2975 1256 3039 ad
1274 2974 1325 3060 ig·'

315 3173 317 3176 Α
395 3109 465 3159 nem
493 3067 677 3157 conuectant
707 3068 936 3170 ostendantque
965 3106 983 3153 e
1019 3089 1148 3153 carceris
1182 3075 1324 3156 tenebris

395 3208 433 3274 td
462 3207 566 3292 ipsum
595 3207 694 3272 solem
724 3203 969 3288 adspiciendum.
993 3190 995 3195 ¹
1022 3205 1176 3270 Plane'id
1204 3226 1320 3271 conve·

395 3325 444 3392 nit
461 3321 679 3408 philosophiae
697 3319 884 3386 Platonicae.
920 3318 1096 3402 Opinamur
1121 3321 1161 3385 de
1180 3321 1326 3388 Platonis·

341 3524 345 3532 Ι
396 3439 552 3507 sententia
570 3454 601 3503 et
621 3435 780 3517 erramus,
804 3454 869 3501 non
890 3436 962 3516 quia
984 3434 1050 3500 fato
1070 3420 1163 3502 nobis
1185 3439 1325 3506 destina·‘

394 3554 611 3620 metenebrae
632 3566 724 3634 sunt,
746 3554 796 3620 vel
818 3565 1005 3635 propterea,
1029 3534 1114 3634 quod
1133 3553 1193 3638 ipsi
1214 3544 1320 3624 videre

395 3689 461 3738 non
472 3689 664 3755 possumus3
689 3671 743 3736 sed
758 3671 815 3736 hac
831 3669 870 3734 de
882 3688 992 3734 caussa
1010 3669 1156 3752 maxime,
1171 3657 1316 3754 quoniam

396 3790 506 3857 oculos
534 3786 682 3855 habemus
700 3806 765 3854 uon
786 3787 825 3852 ad
846 3789 970 3876 lucem,
1004 3807 1083 3871 quae
1102 3789 1207 3871 adest,
1238 3793 1261 3855 i.
1286 3777 1324 3857 e,

397 3895 545 3974 mundum
573 3920 682 3969 versus
710 3911 827 3986 νοητὸν,
848 3906 886 3970 ad
907 3903 1015 3986 ideas,
1036 3907 1091 3971 sed
1117 3909 1155 3973 ad
1174 3908 1315 3976 tenchrae

397 4021 592 4106 insertasque
630 4020 753 4085 umbras
784 4039 984 4103 conversos,
1014 4023 1207 4105 'umbrasque
1241 4027 1324 4091 latas:

1289 4159 1323 4212 et
