<?xml version="1.0" encoding="UTF-8"?>
<!DOCTYPE html PUBLIC "-//W3C//DTD XHTML 1.0 Transitional//EN"
    "http://www.w3.org/TR/xhtml1/DTD/xhtml1-transitional.dtd">
<html xmlns="http://www.w3.org/1999/xhtml" xml:lang="en" lang="en">
 <head>
  <title>
</title>
<meta http-equiv="Content-Type" content="text/html;charset=utf-8" />
  <meta name='ocr-system' content='tesseract 3.04.00' />
  <meta name='ocr-capabilities' content='ocr_page ocr_carea ocr_par ocr_line ocrx_word'/>
</head>
<body>
  <div class='ocr_page' id='page_1' title='image "./initiaphilosoph04heusgoog_0288.png"; bbox 0 0 2896 5168; ppageno 0'>
   <div class='ocr_carea' id='block_1_1' title="bbox 749 443 899 508">
    <p class='ocr_par' dir='ltr' id='par_1_1' title="bbox 749 443 899 508">
     <span class='ocr_line' id='line_1_1' title="bbox 749 443 899 508; baseline -0.007 -14"><span class='ocrx_word' id='word_1_1' title='bbox 749 443 899 508; x_wconf 54' lang='lat'>„8-</span> 
     </span>
    </p>
   </div>
   <div class='ocr_carea' id='block_1_2' title="bbox 325 617 1377 3734">
    <p class='ocr_par' dir='ltr' id='par_1_2' title="bbox 325 617 1377 3618">
     <span class='ocr_line' id='line_1_2' title="bbox 352 617 1290 717; baseline -0.005 -28"><span class='ocrx_word' id='word_1_2' title='bbox 352 623 443 709; x_wconf 51' lang='lat' dir='ltr'>‚dun</span> <span class='ocrx_word' id='word_1_3' title='bbox 467 622 565 696; x_wconf 77' lang='lat' dir='ltr'>,hunc</span> <span class='ocrx_word' id='word_1_4' title='bbox 580 617 794 717; x_wconf 79' lang='lat' dir='ltr'>intellexisse,</span> <span class='ocrx_word' id='word_1_5' title='bbox 820 637 885 716; x_wconf 16' lang='lat' dir='ltr'>*seu</span> <span class='ocrx_word' id='word_1_6' title='bbox 915 617 1010 687; x_wconf 87' lang='lat' dir='ltr'>vitam</span> <span class='ocrx_word' id='word_1_7' title='bbox 1043 619 1121 712; x_wconf 80' lang='lat' dir='ltr'>banc</span> <span class='ocrx_word' id='word_1_8' title='bbox 1154 634 1290 709; x_wconf 70' lang='lat' dir='ltr'>nostram</span> 
     </span>
     <span class='ocr_line' id='line_1_3' title="bbox 358 718 1290 833; baseline -0.005 -27"><span class='ocrx_word' id='word_1_9' title='bbox 358 718 562 818; x_wconf 72' lang='lat' dir='ltr'>-terrestrem,</span> <span class='ocrx_word' id='word_1_10' title='bbox 603 735 668 803; x_wconf 86' lang='lat' dir='ltr'>cui¹</span> <span class='ocrx_word' id='word_1_11' title='bbox 688 737 855 833; x_wconf 83' lang='lat' dir='ltr'>coelestem</span> <span class='ocrx_word' id='word_1_12' title='bbox 893 735 997 824; x_wconf 86' lang='lat' dir='ltr'>vitrm</span> <span class='ocrx_word' id='word_1_13' title='bbox 1025 735 1225 829; x_wconf 75' lang='lat' dir='ltr'>opponebant</span> <span class='ocrx_word' id='word_1_14' title='bbox 1246 734 1290 801; x_wconf 76' lang='lat'>&lt;¹’.</span> 
     </span>
     <span class='ocr_line' id='line_1_4' title="bbox 355 830 1299 947; baseline -0.01 -23"><span class='ocrx_word' id='word_1_15' title='bbox 355 831 454 945; x_wconf 71' lang='lat' dir='ltr'>[Plato</span> <span class='ocrx_word' id='word_1_16' title='bbox 485 868 589 919; x_wconf 86' lang='lat' dir='ltr'>autem</span> <span class='ocrx_word' id='word_1_17' title='bbox 622 853 672 918; x_wconf 92' lang='lat' dir='ltr'>his</span> <span class='ocrx_word' id='word_1_18' title='bbox 704 850 890 938; x_wconf 84' lang='lat' dir='ltr'>imaginibus</span> <span class='ocrx_word' id='word_1_19' title='bbox 916 871 981 918; x_wconf 94' lang='lat' dir='ltr'>non</span> <span class='ocrx_word' id='word_1_20' title='bbox 1010 851 1146 918; x_wconf 86' lang='lat' dir='ltr'>futuram</span> <span class='ocrx_word' id='word_1_21' title='bbox 1168 830 1299 947; x_wconf 73' lang='lat' dir='ltr'>tantum,</span> 
     </span>
     <span class='ocr_line' id='line_1_5' title="bbox 357 963 1294 1056; baseline -0.007 -17"><span class='ocrx_word' id='word_1_22' title='bbox 357 963 503 1055; x_wconf 39' lang='lat' dir='ltr'>,bominis</span> <span class='ocrx_word' id='word_1_23' title='bbox 525 982 604 1056; x_wconf 90' lang='lat' dir='ltr'>post</span> <span class='ocrx_word' id='word_1_24' title='bbox 626 984 779 1051; x_wconf 89' lang='lat' dir='ltr'>mortem,</span> <span class='ocrx_word' id='word_1_25' title='bbox 815 970 872 1045; x_wconf 86' lang='lat' dir='ltr'>sed</span> <span class='ocrx_word' id='word_1_26' title='bbox 899 982 1092 1054; x_wconf 86' lang='lat' dir='ltr'>praesentem</span> <span class='ocrx_word' id='word_1_27' title='bbox 1121 969 1154 1035; x_wconf 93' lang='lat' dir='ltr'>in</span> <span class='ocrx_word' id='word_1_28' title='bbox 1183 965 1294 1054; x_wconf 83' lang='lat' dir='ltr'>primis</span> 
     </span>
     <span class='ocr_line' id='line_1_6' title="bbox 365 1084 1296 1168; baseline -0.008 -11"><span class='ocrx_word' id='word_1_29' title='bbox 365 1085 576 1157; x_wconf 88' lang='lat' dir='ltr'>conditionem</span> <span class='ocrx_word' id='word_1_30' title='bbox 605 1086 770 1159; x_wconf 66' lang='lat' dir='ltr'>declarare⁴</span> <span class='ocrx_word' id='word_1_31' title='bbox 784 1085 926 1152; x_wconf 78' lang='lat' dir='ltr'>studuit:</span> <span class='ocrx_word' id='word_1_32' title='bbox 972 1086 1058 1168; x_wconf 91' lang='lat' dir='ltr'>qnod</span> <span class='ocrx_word' id='word_1_33' title='bbox 1085 1087 1177 1152; x_wconf 90' lang='lat' dir='ltr'>nobis</span> <span class='ocrx_word' id='word_1_34' title='bbox 1208 1084 1296 1152; x_wconf 91' lang='lat' dir='ltr'>dein·</span> 
     </span>
     <span class='ocr_line' id='line_1_7' title="bbox 361 1182 1296 1289; baseline -0.006 -15"><span class='ocrx_word' id='word_1_35' title='bbox 361 1182 464 1288; x_wconf 74' lang='lat' dir='ltr'>¹ceps,</span> <span class='ocrx_word' id='word_1_36' title='bbox 492 1203 548 1268; x_wconf 89' lang='lat' dir='ltr'>ubi</span> <span class='ocrx_word' id='word_1_37' title='bbox 573 1215 669 1288; x_wconf 79' lang='lat' dir='ltr'>tutam</span> <span class='ocrx_word' id='word_1_38' title='bbox 698 1202 862 1289; x_wconf 88' lang='lat' dir='ltr'>legerimus</span> <span class='ocrx_word' id='word_1_39' title='bbox 894 1217 927 1268; x_wconf 90' lang='lat' dir='ltr'>et</span> <span class='ocrx_word' id='word_1_40' title='bbox 956 1202 1193 1285; x_wconf 77' lang='lat' dir='ltr'>exposuerimus</span> <span class='ocrx_word' id='word_1_41' title='bbox 1207 1221 1296 1268; x_wconf 90' lang='lat' dir='ltr'>com·</span> 
     </span>
     <span class='ocr_line' id='line_1_8' title="bbox 363 1300 1294 1408; baseline -0.004 -19"><span class='ocrx_word' id='word_1_42' title='bbox 363 1300 580 1408; x_wconf 82' lang='lat' dir='ltr'>parationem,</span> <span class='ocrx_word' id='word_1_43' title='bbox 600 1318 720 1407; x_wconf 89' lang='lat' dir='ltr'>patebit</span> <span class='ocrx_word' id='word_1_44' title='bbox 739 1316 920 1385; x_wconf 86' lang='lat' dir='ltr'>manifesto.</span> <span class='ocrx_word' id='word_1_45' title='bbox 968 1316 1056 1384; x_wconf 83' lang='lat' dir='ltr'>Fecit</span> <span class='ocrx_word' id='word_1_46' title='bbox 1085 1317 1164 1384; x_wconf 89' lang='lat' dir='ltr'>illud</span> <span class='ocrx_word' id='word_1_47' title='bbox 1189 1331 1294 1386; x_wconf 88' lang='lat' dir='ltr'>autem</span> 
     </span>
     <span class='ocr_line' id='line_1_9' title="bbox 364 1416 1296 1526; baseline -0.008 -19"><span class='ocrx_word' id='word_1_48' title='bbox 364 1416 452 1526; x_wconf 68' lang='lat' dir='ltr'>tanti</span> <span class='ocrx_word' id='word_1_49' title='bbox 475 1455 541 1502; x_wconf 92' lang='lat' dir='ltr'>non</span> <span class='ocrx_word' id='word_1_50' title='bbox 568 1438 671 1507; x_wconf 85' lang='lat' dir='ltr'>solum</span> <span class='ocrx_word' id='word_1_51' title='bbox 694 1428 847 1519; x_wconf 74' lang='lat' dir='ltr'>elegantia</span> <span class='ocrx_word' id='word_1_52' title='bbox 872 1447 904 1500; x_wconf 94' lang='lat' dir='ltr'>et</span> <span class='ocrx_word' id='word_1_53' title='bbox 930 1431 1121 1515; x_wconf 86' lang='lat' dir='ltr'>festivitate,</span> <span class='ocrx_word' id='word_1_54' title='bbox 1142 1435 1199 1500; x_wconf 84' lang='lat' dir='ltr'>sed</span> <span class='ocrx_word' id='word_1_55' title='bbox 1221 1432 1296 1500; x_wconf 77' lang='lat' dir='ltr'>dili·</span> 
     </span>
     <span class='ocr_line' id='line_1_10' title="bbox 359 1532 1377 1651; baseline -0.004 -31"><span class='ocrx_word' id='word_1_56' title='bbox 359 1534 473 1643; x_wconf 67' lang='lat' dir='ltr'>pontid</span> <span class='ocrx_word' id='word_1_57' title='bbox 492 1532 607 1651; x_wconf 84' lang='lat' dir='ltr'>etiam,</span> <span class='ocrx_word' id='word_1_58' title='bbox 629 1566 665 1618; x_wconf 89' lang='lat' dir='ltr'>ut</span> <span class='ocrx_word' id='word_1_59' title='bbox 693 1550 786 1616; x_wconf 90' lang='lat' dir='ltr'>nobis</span> <span class='ocrx_word' id='word_1_60' title='bbox 813 1551 847 1618; x_wconf 92' lang='lat' dir='ltr'>in</span> <span class='ocrx_word' id='word_1_61' title='bbox 866 1547 979 1618; x_wconf 70' lang='lat' dir='ltr'>‘fabuib</span> <span class='ocrx_word' id='word_1_62' title='bbox 1006 1549 1131 1637; x_wconf 79' lang='lat' dir='ltr'>singula</span> <span class='ocrx_word' id='word_1_63' title='bbox 1148 1547 1297 1647; x_wconf 68' lang='lat' dir='ltr'>singult-</span> <span class='ocrx_word' id='word_1_64' title='bbox 1375 1590 1377 1595; x_wconf 66' lang='lat'>,</span> 
     </span>
     <span class='ocr_line' id='line_1_11' title="bbox 356 1648 1300 1765; baseline -0.01 -26"><span class='ocrx_word' id='word_1_65' title='bbox 356 1650 422 1739; x_wconf 42' lang='lat' dir='ltr'>&#39;tim</span> <span class='ocrx_word' id='word_1_66' title='bbox 450 1671 614 1739; x_wconf 88' lang='lat' dir='ltr'>videantur</span> <span class='ocrx_word' id='word_1_67' title='bbox 641 1648 920 1737; x_wconf 83' lang='lat' dir='ltr'>animadvertenda.</span> <span class='ocrx_word' id='word_1_68' title='bbox 1299 1759 1300 1765; x_wconf 7' lang='grc' dir='ltr'>η</span> 
     </span>
     <span class='ocr_line' id='line_1_12' title="bbox 368 1760 1296 1875; baseline -0.006 -17"><span class='ocrx_word' id='word_1_69' title='bbox 368 1760 375 1865; x_wconf 36' lang='lat' dir='ltr'>s</span> <span class='ocrx_word' id='word_1_70' title='bbox 406 1787 656 1872; x_wconf 90' lang='lat' dir='ltr'>Descriptionem</span> <span class='ocrx_word' id='word_1_71' title='bbox 684 1787 845 1854; x_wconf 88' lang='lat' dir='ltr'>hominum</span> <span class='ocrx_word' id='word_1_72' title='bbox 875 1786 949 1852; x_wconf 89' lang='lat' dir='ltr'>haec</span> <span class='ocrx_word' id='word_1_73' title='bbox 978 1785 1168 1870; x_wconf 85' lang='lat' dir='ltr'>comparatio</span> <span class='ocrx_word' id='word_1_74' title='bbox 1194 1784 1296 1875; x_wconf 74' lang='lat' dir='ltr'>cunti·</span> 
     </span>
     <span class='ocr_line' id='line_1_13' title="bbox 364 1884 1294 1989; baseline -0.004 -18"><span class='ocrx_word' id='word_1_75' title='bbox 364 1884 444 1986; x_wconf 82' lang='lat' dir='ltr'>net,</span> <span class='ocrx_word' id='word_1_76' title='bbox 463 1904 540 1986; x_wconf 90' lang='lat' dir='ltr'>qui,</span> <span class='ocrx_word' id='word_1_77' title='bbox 560 1918 596 1971; x_wconf 92' lang='lat' dir='ltr'>ut</span> <span class='ocrx_word' id='word_1_78' title='bbox 615 1906 730 1989; x_wconf 78' lang='lat' dir='ltr'>vulgus</span> <span class='ocrx_word' id='word_1_79' title='bbox 750 1905 889 1984; x_wconf 88' lang='lat' dir='ltr'>assolet,</span> <span class='ocrx_word' id='word_1_80' title='bbox 906 1902 966 1968; x_wconf 91' lang='lat' dir='ltr'>toti</span> <span class='ocrx_word' id='word_1_81' title='bbox 987 1901 1148 1971; x_wconf 91' lang='lat' dir='ltr'>inmundo</span> <span class='ocrx_word' id='word_1_82' title='bbox 1168 1901 1294 1986; x_wconf 83' lang='lat' dir='ltr'>adspec-</span> 
     </span>
     <span class='ocr_line' id='line_1_14' title="bbox 363 1998 1295 2104; baseline 0.006 -19"><span class='ocrx_word' id='word_1_83' title='bbox 363 1998 452 2103; x_wconf 73' lang='lat' dir='ltr'>tabili</span> <span class='ocrx_word' id='word_1_84' title='bbox 472 2020 597 2087; x_wconf 87' lang='lat' dir='ltr'>vivunt.</span> <span class='ocrx_word' id='word_1_85' title='bbox 628 2020 718 2087; x_wconf 86' lang='lat' dir='ltr'>Dixit</span> <span class='ocrx_word' id='word_1_86' title='bbox 738 2020 778 2090; x_wconf 87' lang='lat' dir='ltr'>de</span> <span class='ocrx_word' id='word_1_87' title='bbox 798 2019 881 2100; x_wconf 92' lang='lat' dir='ltr'>illis,</span> <span class='ocrx_word' id='word_1_88' title='bbox 904 2039 1000 2101; x_wconf 92' lang='lat' dir='ltr'>quum</span> <span class='ocrx_word' id='word_1_89' title='bbox 1025 2019 1065 2086; x_wconf 90' lang='lat' dir='ltr'>de</span> <span class='ocrx_word' id='word_1_90' title='bbox 1082 2018 1295 2104; x_wconf 79' lang='lat' dir='ltr'>cognoscendi</span> 
     </span>
     <span class='ocr_line' id='line_1_15' title="bbox 362 2137 1296 2230; baseline -0.001 -27"><span class='ocrx_word' id='word_1_91' title='bbox 362 2137 470 2230; x_wconf 76' lang='lat' dir='ltr'>studio</span> <span class='ocrx_word' id='word_1_92' title='bbox 489 2149 613 2222; x_wconf 82' lang='lat' dir='ltr'>ageret:</span> <span class='ocrx_word' id='word_1_93' title='bbox 635 2141 772 2223; x_wconf 68' lang='lat' dir='ltr'>prasium</span> <span class='ocrx_word' id='word_1_94' title='bbox 789 2150 913 2203; x_wconf 90' lang='lat' dir='ltr'>suntet</span> <span class='ocrx_word' id='word_1_95' title='bbox 934 2139 1166 2226; x_wconf 61' lang='grc' dir='ltr'>Φιλοθράμονεςε</span> <span class='ocrx_word' id='word_1_96' title='bbox 1189 2154 1296 2221; x_wconf 89' lang='lat' dir='ltr'>perse·</span> 
     </span>
     <span class='ocr_line' id='line_1_16' title="bbox 325 2234 1296 2345; baseline 0 -27"><span class='ocrx_word' id='word_1_97' title='bbox 325 2336 329 2345; x_wconf 86' lang='lat'><strong>.</strong></span> <span class='ocrx_word' id='word_1_98' title='bbox 361 2234 504 2338; x_wconf 83' lang='lat' dir='ltr'>quuntur</span> <span class='ocrx_word' id='word_1_99' title='bbox 524 2272 603 2336; x_wconf 87' lang='lat' dir='ltr'>quae</span> <span class='ocrx_word' id='word_1_100' title='bbox 626 2253 749 2337; x_wconf 90' lang='lat' dir='ltr'>oculis,</span> <span class='ocrx_word' id='word_1_101' title='bbox 781 2274 860 2338; x_wconf 84' lang='lat' dir='ltr'>quac</span> <span class='ocrx_word' id='word_1_102' title='bbox 886 2253 1033 2335; x_wconf 90' lang='lat' dir='ltr'>auribus,</span> <span class='ocrx_word' id='word_1_103' title='bbox 1063 2272 1144 2337; x_wconf 91' lang='lat' dir='ltr'>quae</span> <span class='ocrx_word' id='word_1_104' title='bbox 1162 2252 1296 2341; x_wconf 88' lang='lat' dir='ltr'>caeteris</span> 
     </span>
     <span class='ocr_line' id='line_1_17' title="bbox 358 2350 1290 2459; baseline -0.001 -21"><span class='ocrx_word' id='word_1_105' title='bbox 358 2350 728 2459; x_wconf 50' lang='lat' dir='ltr'>ssensibuspercipiunt3</span> <span class='ocrx_word' id='word_1_106' title='bbox 759 2390 824 2438; x_wconf 91' lang='lat' dir='ltr'>non</span> <span class='ocrx_word' id='word_1_107' title='bbox 850 2386 925 2437; x_wconf 86' lang='lat' dir='ltr'>sunt</span> <span class='ocrx_word' id='word_1_108' title='bbox 955 2390 1032 2436; x_wconf 88' lang='lat' dir='ltr'>vero</span> <span class='ocrx_word' id='word_1_109' title='bbox 1062 2375 1222 2454; x_wconf 68' lang='lat' dir='ltr'>murrina</span> <span class='ocrx_word' id='word_1_110' title='bbox 1245 2369 1290 2437; x_wconf 70' lang='lat'><strong>(¹).</strong></span> 
     </span>
     <span class='ocr_line' id='line_1_18' title="bbox 361 2481 1293 2564; baseline -0.01 -8"><span class='ocrx_word' id='word_1_111' title='bbox 361 2486 485 2557; x_wconf 88' lang='lat' dir='ltr'>Similes</span> <span class='ocrx_word' id='word_1_112' title='bbox 516 2506 600 2552; x_wconf 90' lang='lat' dir='ltr'>nunc</span> <span class='ocrx_word' id='word_1_113' title='bbox 629 2486 756 2553; x_wconf 89' lang='lat' dir='ltr'>eosdem</span> <span class='ocrx_word' id='word_1_114' title='bbox 784 2483 916 2564; x_wconf 84' lang='lat' dir='ltr'>captivis</span> <span class='ocrx_word' id='word_1_115' title='bbox 941 2481 1040 2562; x_wconf 92' lang='lat' dir='ltr'>dicit,</span> <span class='ocrx_word' id='word_1_116' title='bbox 1072 2481 1180 2564; x_wconf 91' lang='lat' dir='ltr'>quiin</span> <span class='ocrx_word' id='word_1_117' title='bbox 1201 2496 1293 2548; x_wconf 87' lang='lat' dir='ltr'>antro</span> 
     </span>
     <span class='ocr_line' id='line_1_19' title="bbox 361 2597 1294 2697; baseline 0 -30"><span class='ocrx_word' id='word_1_118' title='bbox 361 2602 515 2697; x_wconf 65' lang='lat' dir='ltr'>inabitant.</span> <span class='ocrx_word' id='word_1_119' title='bbox 557 2598 640 2666; x_wconf 89' lang='lat' dir='ltr'>Nam</span> <span class='ocrx_word' id='word_1_120' title='bbox 660 2597 802 2664; x_wconf 88' lang='lat' dir='ltr'>serviunt</span> <span class='ocrx_word' id='word_1_121' title='bbox 820 2597 865 2663; x_wconf 92' lang='lat' dir='ltr'>illi</span> <span class='ocrx_word' id='word_1_122' title='bbox 884 2597 1029 2665; x_wconf 87' lang='lat' dir='ltr'>sensibus</span> <span class='ocrx_word' id='word_1_123' title='bbox 1054 2597 1144 2680; x_wconf 89' lang='lat' dir='ltr'>suis,</span> <span class='ocrx_word' id='word_1_124' title='bbox 1163 2612 1199 2664; x_wconf 89' lang='lat' dir='ltr'>ut</span> <span class='ocrx_word' id='word_1_125' title='bbox 1214 2617 1294 2682; x_wconf 89' lang='lat' dir='ltr'>quae</span> 
     </span>
     <span class='ocr_line' id='line_1_20' title="bbox 359 2713 1292 2806; baseline 0.001 -23"><span class='ocrx_word' id='word_1_126' title='bbox 359 2717 403 2783; x_wconf 88' lang='lat' dir='ltr'>hi&#39;</span> <span class='ocrx_word' id='word_1_127' title='bbox 421 2715 648 2806; x_wconf 68' lang='lat' dir='ltr'>annunciatum</span> <span class='ocrx_word' id='word_1_128' title='bbox 677 2713 779 2798; x_wconf 85' lang='lat' dir='ltr'>ipsis,</span> <span class='ocrx_word' id='word_1_129' title='bbox 810 2716 878 2781; x_wconf 85' lang='lat' dir='ltr'>sola</span> <span class='ocrx_word' id='word_1_130' title='bbox 904 2729 936 2781; x_wconf 92' lang='lat' dir='ltr'>et</span> <span class='ocrx_word' id='word_1_131' title='bbox 957 2732 1029 2803; x_wconf 86' lang='lat' dir='ltr'>vera</span> <span class='ocrx_word' id='word_1_132' title='bbox 1058 2727 1090 2780; x_wconf 92' lang='lat' dir='ltr'>et</span> <span class='ocrx_word' id='word_1_133' title='bbox 1121 2718 1292 2799; x_wconf 83' lang='lat' dir='ltr'>expetenda</span> 
     </span>
     <span class='ocr_line' id='line_1_21' title="bbox 357 2821 1293 2921; baseline -0.001 -21"><span class='ocrx_word' id='word_1_134' title='bbox 357 2832 557 2921; x_wconf 82' lang='lat' dir='ltr'>existiment:</span> <span class='ocrx_word' id='word_1_135' title='bbox 587 2831 703 2914; x_wconf 87' lang='lat' dir='ltr'>quibus</span> <span class='ocrx_word' id='word_1_136' title='bbox 725 2831 942 2916; x_wconf 85' lang='lat' dir='ltr'>praejudicatis</span> <span class='ocrx_word' id='word_1_137' title='bbox 972 2821 1203 2916; x_wconf 80' lang='lat' dir='ltr'>opinionibus,</span> <span class='ocrx_word' id='word_1_138' title='bbox 1224 2845 1293 2899; x_wconf 87' lang='lat' dir='ltr'>tan·</span> 
     </span>
     <span class='ocr_line' id='line_1_22' title="bbox 360 2947 1291 3036; baseline -0.001 -19"><span class='ocrx_word' id='word_1_139' title='bbox 360 2968 453 3036; x_wconf 86' lang='lat' dir='ltr'>quam</span> <span class='ocrx_word' id='word_1_140' title='bbox 480 2948 639 3031; x_wconf 89' lang='lat' dir='ltr'>vinculis,</span> <span class='ocrx_word' id='word_1_141' title='bbox 671 2948 943 3033; x_wconf 84' lang='lat' dir='ltr'>constringuntur.</span> <span class='ocrx_word' id='word_1_142' title='bbox 994 2947 1139 3017; x_wconf 90' lang='lat' dir='ltr'>Mundus</span> <span class='ocrx_word' id='word_1_143' title='bbox 1165 2964 1291 3034; x_wconf 81' lang='lat' dir='ltr'>autern,</span> 
     </span>
     <span class='ocr_line' id='line_1_23' title="bbox 346 3042 1292 3152; baseline 0.001 -18"><span class='ocrx_word' id='word_1_144' title='bbox 346 3069 478 3148; x_wconf 88' lang='lat' dir='ltr'>inquo</span> <span class='ocrx_word' id='word_1_145' title='bbox 507 3042 641 3146; x_wconf 86' lang='lat' dir='ltr'>vivunt,</span> <span class='ocrx_word' id='word_1_146' title='bbox 674 3060 767 3150; x_wconf 79' lang='lat' dir='ltr'>plane</span> <span class='ocrx_word' id='word_1_147' title='bbox 794 3068 960 3149; x_wconf 85' lang='lat' dir='ltr'>speluncae</span> <span class='ocrx_word' id='word_1_148' title='bbox 986 3067 1148 3152; x_wconf 82' lang='lat' dir='ltr'>cujusdem</span> <span class='ocrx_word' id='word_1_149' title='bbox 1176 3069 1292 3136; x_wconf 88' lang='lat' dir='ltr'>obscu-</span> 
     </span>
     <span class='ocr_line' id='line_1_24' title="bbox 357 3179 1293 3278; baseline 0.001 -28"><span class='ocrx_word' id='word_1_150' title='bbox 357 3184 479 3263; x_wconf 81' lang='lat' dir='ltr'>ritatem</span> <span class='ocrx_word' id='word_1_151' title='bbox 505 3179 622 3263; x_wconf 83' lang='lat' dir='ltr'>refert,</span> <span class='ocrx_word' id='word_1_152' title='bbox 643 3182 735 3266; x_wconf 91' lang='lat' dir='ltr'>cujus</span> <span class='ocrx_word' id='word_1_153' title='bbox 759 3179 787 3246; x_wconf 92' lang='lat' dir='ltr'>si</span> <span class='ocrx_word' id='word_1_154' title='bbox 809 3181 926 3248; x_wconf 82' lang='lat' dir='ltr'>editum</span> <span class='ocrx_word' id='word_1_155' title='bbox 948 3181 1076 3248; x_wconf 89' lang='lat' dir='ltr'>finxeris</span> <span class='ocrx_word' id='word_1_156' title='bbox 1094 3197 1237 3267; x_wconf 88' lang='lat' dir='ltr'>apertum</span> <span class='ocrx_word' id='word_1_157' title='bbox 1257 3198 1293 3278; x_wconf 82' lang='lat' dir='ltr'>et</span> 
     </span>
     <span class='ocr_line' id='line_1_25' title="bbox 356 3276 1304 3393; baseline 0.003 -26"><span class='ocrx_word' id='word_1_158' title='bbox 356 3282 478 3380; x_wconf 73' lang='lat' dir='ltr'>lutum,</span> <span class='ocrx_word' id='word_1_159' title='bbox 500 3276 690 3379; x_wconf 89' lang='lat' dir='ltr'>uteorum,</span> <span class='ocrx_word' id='word_1_160' title='bbox 712 3317 792 3380; x_wconf 88' lang='lat' dir='ltr'>quae</span> <span class='ocrx_word' id='word_1_161' title='bbox 809 3319 903 3384; x_wconf 87' lang='lat' dir='ltr'>supra</span> <span class='ocrx_word' id='word_1_162' title='bbox 918 3313 1021 3393; x_wconf 85' lang='lat' dir='ltr'>sunt,</span> <span class='ocrx_word' id='word_1_163' title='bbox 1045 3299 1173 3392; x_wconf 87' lang='lat' dir='ltr'>umbrae</span> <span class='ocrx_word' id='word_1_164' title='bbox 1194 3299 1227 3366; x_wconf 90' lang='lat' dir='ltr'>in</span> <span class='ocrx_word' id='word_1_165' title='bbox 1250 3303 1304 3378; x_wconf 68' lang='lat' dir='ltr'>eb,</span> 
     </span>
     <span class='ocr_line' id='line_1_26' title="bbox 355 3415 1288 3503; baseline 0 -19"><span class='ocrx_word' id='word_1_166' title='bbox 355 3431 542 3503; x_wconf 81' lang='lat' dir='ltr'>appareant,</span> <span class='ocrx_word' id='word_1_167' title='bbox 572 3417 665 3498; x_wconf 86' lang='lat' dir='ltr'>plane</span> <span class='ocrx_word' id='word_1_168' title='bbox 692 3434 819 3498; x_wconf 83' lang='lat' dir='ltr'>cernes,</span> <span class='ocrx_word' id='word_1_169' title='bbox 853 3415 954 3498; x_wconf 90' lang='lat' dir='ltr'>qualis</span> <span class='ocrx_word' id='word_1_170' title='bbox 977 3434 1087 3483; x_wconf 90' lang='lat' dir='ltr'>eorum</span> <span class='ocrx_word' id='word_1_171' title='bbox 1114 3431 1146 3484; x_wconf 90' lang='lat' dir='ltr'>et</span> <span class='ocrx_word' id='word_1_172' title='bbox 1174 3430 1288 3500; x_wconf 85' lang='lat' dir='ltr'>quanta</span> 
     </span>
     <span class='ocr_line' id='line_1_27' title="bbox 355 3529 1288 3618; baseline 0.009 -22"><span class='ocrx_word' id='word_1_173' title='bbox 355 3529 476 3598; x_wconf 87' lang='lat' dir='ltr'>inscitia</span> <span class='ocrx_word' id='word_1_174' title='bbox 502 3530 557 3605; x_wconf 78' lang='lat' dir='ltr'>tit.</span> <span class='ocrx_word' id='word_1_175' title='bbox 601 3531 763 3601; x_wconf 74' lang='lat' dir='ltr'>simillime</span> <span class='ocrx_word' id='word_1_176' title='bbox 787 3534 869 3601; x_wconf 89' lang='lat' dir='ltr'>enim</span> <span class='ocrx_word' id='word_1_177' title='bbox 890 3553 950 3618; x_wconf 90' lang='lat' dir='ltr'>pro</span> <span class='ocrx_word' id='word_1_178' title='bbox 974 3534 1069 3601; x_wconf 90' lang='lat' dir='ltr'>rebus</span> <span class='ocrx_word' id='word_1_179' title='bbox 1087 3533 1213 3603; x_wconf 88' lang='lat' dir='ltr'>umbras</span> <span class='ocrx_word' id='word_1_180' title='bbox 1233 3536 1288 3604; x_wconf 87' lang='lat' dir='ltr'>ad·</span> 
     </span>
    </p>

    <p class='ocr_par' dir='ltr' id='par_1_3' title="bbox 1222 3651 1289 3734">
     <span class='ocr_line' id='line_1_28' title="bbox 1222 3651 1289 3734; baseline 0 -18"><span class='ocrx_word' id='word_1_181' title='bbox 1222 3651 1289 3734; x_wconf 88' lang='lat' dir='ltr'>spi·</span> 
     </span>
    </p>
   </div>
   <div class='ocr_carea' id='block_1_3' title="bbox 349 3785 1291 4093">
    <p class='ocr_par' dir='ltr' id='par_1_4' title="bbox 349 3785 1291 4093">
     <span class='ocr_line' id='line_1_29' title="bbox 377 3785 1285 3913; baseline -0.003 -37"><span class='ocrx_word' id='word_1_182' title='bbox 377 3821 437 3907; x_wconf 30' lang='grc'><strong>’(1)</strong></span> <span class='ocrx_word' id='word_1_183' title='bbox 454 3821 502 3876; x_wconf 84' lang='lat' dir='ltr'>Sic</span> <span class='ocrx_word' id='word_1_184' title='bbox 519 3807 624 3877; x_wconf 74' lang='lat' dir='ltr'>recantat</span> <span class='ocrx_word' id='word_1_185' title='bbox 640 3822 753 3892; x_wconf 75' lang='lat' dir='ltr'>Emped.</span> <span class='ocrx_word' id='word_1_186' title='bbox 770 3785 965 3894; x_wconf 71' lang='lat' dir='ltr'>interpretatur</span> <span class='ocrx_word' id='word_1_187' title='bbox 982 3824 1118 3898; x_wconf 82' lang='lat' dir='ltr'>Pnrpbyr.</span> <span class='ocrx_word' id='word_1_188' title='bbox 1135 3825 1172 3878; x_wconf 84' lang='lat' dir='ltr'>V.</span> <span class='ocrx_word' id='word_1_189' title='bbox 1191 3824 1285 3913; x_wconf 66' lang='lat' dir='ltr'>Siara.</span> 
     </span>
     <span class='ocr_line' id='line_1_30' title="bbox 349 3919 1291 4013; baseline 0.007 -42"><span class='ocrx_word' id='word_1_190' title='bbox 349 3919 385 3972; x_wconf 79' lang='lat' dir='ltr'>tri</span> <span class='ocrx_word' id='word_1_191' title='bbox 403 3919 431 3974; x_wconf 80' lang='lat' dir='ltr'>it·</span> <span class='ocrx_word' id='word_1_192' title='bbox 448 3923 468 3976; x_wconf 81' lang='grc' dir='ltr'>Ι.</span> <span class='ocrx_word' id='word_1_193' title='bbox 521 3922 563 3994; x_wconf 71' lang='grc' dir='ltr'>(ι)</span> <span class='ocrx_word' id='word_1_194' title='bbox 580 3923 624 3977; x_wconf 79' lang='lat' dir='ltr'>Dc</span> <span class='ocrx_word' id='word_1_195' title='bbox 640 3923 708 3996; x_wconf 67' lang='lat' dir='ltr'>ssep.</span> <span class='ocrx_word' id='word_1_196' title='bbox 725 3920 762 4013; x_wconf 88' lang='lat' dir='ltr'>V</span> <span class='ocrx_word' id='word_1_197' title='bbox 779 3925 840 3998; x_wconf 69' lang='lat'><strong>457.</strong></span> <span class='ocrx_word' id='word_1_198' title='bbox 859 3925 896 3979; x_wconf 83' lang='lat' dir='ltr'>D.</span> <span class='ocrx_word' id='word_1_199' title='bbox 914 3926 959 3982; x_wconf 82' lang='lat' dir='ltr'>Ci.</span> <span class='ocrx_word' id='word_1_200' title='bbox 975 3942 1055 3997; x_wconf 76' lang='lat' dir='ltr'>cupre</span> <span class='ocrx_word' id='word_1_201' title='bbox 1077 3922 1144 3981; x_wconf 81' lang='lat' dir='ltr'>Vni.</span> <span class='ocrx_word' id='word_1_202' title='bbox 1163 3923 1203 3979; x_wconf 88' lang='lat'>11.</span> <span class='ocrx_word' id='word_1_203' title='bbox 1217 3922 1249 4008; x_wconf 70' lang='grc' dir='ltr'>Ρ.</span> <span class='ocrx_word' id='word_1_204' title='bbox 1260 3940 1291 3978; x_wconf 69' lang='grc' dir='ltr'>ι·</span> 
     </span>
     <span class='ocr_line' id='line_1_31' title="bbox 354 4023 935 4093; baseline 0 0"><span class='ocrx_word' id='word_1_205' title='bbox 354 4023 445 4093; x_wconf 79' lang='lat' dir='ltr'><strong>r·⁵⁶·</strong></span> <span class='ocrx_word' id='word_1_206' title='bbox 931 4024 935 4034; x_wconf 87' lang='lat'><em>&#39;</em></span> 
     </span>
    </p>
   </div>
   <div class='ocr_carea' id='block_1_4' title="bbox 0 0 1452 5168">
    <p class='ocr_par' dir='ltr' id='par_1_5' title="bbox 0 0 1452 5168">
     <span class='ocr_line' id='line_1_32' title="bbox 0 0 1452 5168; baseline 0 3"><span class='ocrx_word' id='word_1_207' title='bbox 0 0 1452 5168; x_wconf 95' lang='lat' dir='ltr'> </span> 
     </span>
    </p>
   </div>
  </div>
 </body>
</html>
