2896 5168
506 430 761 498 arat-2

152 613 215 680 que
253 611 371 666 cutum
414 613 445 663 et
481 594 717 684 immeabilem,
741 588 857 669 linem,
894 585 960 652 veti
999 581 1068 646 aive

146 725 198 788 roll
216 719 295 795 laroc
322 713 492 783 scientiam.
825 690 826 694 ¹

122 1015 123 1018 ,
270 945 585 1029 Comparantur
619 959 706 1005 eum
739 931 946 1005 universe

146 1049 1065 1139 haePIatenitdoctrindsephistaramprir·
1144 1099 1146 1103 .

177 1192 380 1259 eorumque
415 1170 731 1262 philosophorum
769 1167 810 1233 de
845 1167 1025 1254 opinione
1082 1201 1084 1206 ·

520 1288 703 1375 placita,

192 1523 236 1591 Ut
263 1522 329 1588 orsi
356 1520 448 1586 hauc¹
464 1532 562 1585 totam
591 1518 631 1585 de
656 1517 861 1603 philosophia
899 1519 966 1587 veri
1003 1519 1066 1586 dis·

147 1637 348 1719 quisitionem
378 1654 396 1700 a
422 1635 583 1702 Theaeteto
619 1632 759 1702 Platonis
794 1654 917 1717 sumus,
953 1636 996 1703 itt
1029 1637 1070 1715 ud

30 1790 39 1805 ·
148 1767 341 1836 postremum
383 1752 445 1836 jam
487 1746 661 1833 argumenti
704 1749 808 1814 locutu
847 1749 1071 1817 accedentibus
1182 1745 1210 1802 Ἃ

146 1867 226 1933 idem
243 1867 337 1934 uobis
357 1866 498 1950 dialogus
518 1883 592 1949 prae
618 1863 746 1931 caeteris
773 1864 977 1932 attendendus
999 1866 1071 1933 erit.

149 1982 286 2048 Socratis
313 1981 394 2049 enim
424 1981 458 2048 in
486 2000 525 2048 co
555 2000 628 2048 cunt
666 1979 840 2047 Theaeteto
874 1980 1072 2049 adolescente

148 2117 182 2166 et
208 2098 380 2165 Theodoto
417 2115 575 2162 sermones
606 2098 776 2181 lateralia,
808 2098 904 2182 ipsam
939 2100 977 2185 de
1009 2119 1071 2181 qua

132 2233 233 2281 -nunc
260 2212 380 2296 agimus
393 2214 574 2292 scientiam,
594 2213 749 2279 materiam
773 2211 898 2300 habent.
923 2216 985 2287 Sed
1003 2232 1070 2283 tum
1188 2299 1191 2303 V

88 2330 92 2339 “
149 2326 411 2397 consideravimus
440 2344 572 2410 puerum
605 2326 688 2391 hunc
715 2327 922 2410 praesertim,
953 2336 1003 2401 aa,
1022 2338 1072 2403 ..5.

149 2451 229 2531 pali
240 2493 251 2526 ‚
272 2449 321 2515 adr
337 2447 507 2529 Φιλομαθῆ,
529 2448 579 2514 eh
598 2446 689 2529 φύσει
714 2447 901 2528 ornemur,
925 2463 990 2525 quo
1008 2464 1072 2511 ma·

150 2563 197 2647 gis
224 2563 256 2627 in
279 2560 344 2625 veri
373 2559 563 2642 explorando
595 2577 699 2626 amore
728 2558 849 2625 insitam
867 2558 949 2627 illam
971 2562 1072 2629 homi·

148 2679 182 2743 ui
201 2675 433 2768 philosophiam
457 2675 518 2740 hoc
534 2676 676 2758 exemplo
693 2675 928 2745 declararetuus.
972 2679 1070 2746 Nunc

147 2796 251 2879 ipsum
284 2790 380 2858 nobis
406 2790 533 2879 dialogi
560 2805 774 2875 argumentum
812 2793 1069 2864 considerandum

147 2910 276 2996 proprie
303 2906 375 2973 erit.
425 2908 508 2973 Nam
533 2908 666 2989 pertinet
694 2909 817 2991 quidem
845 2913 976 2979 maxime
1006 2915 1071 2981 dis·

148 3023 271 3110 putatio
304 3019 356 3084 illa
386 3019 426 3083 ad
461 3025 634 3102 antevertit
663 3020 849 3088 Socraticam
884 3029 1070 3112 dramatice,

148 3154 185 3206 ut
209 3133 499 3213 animadvertimus,
519 3130 689 3205 lectoribus
715 3138 972 3217 proponendamt
994 3143 1071 3208 detis

147 3259 284 3329 ultiones
310 3248 507 3338 argumenti,
535 3267 612 3330 quas
651 3247 772 3332 profert
807 3249 1021 3345 Theaetetus,
1052 3277 1070 3324 a

151 3377 280 3445 Socrate
306 3373 507 3455 explorantur
535 3381 567 3432 et
594 3363 818 3450 confutanturt
841 3369 897 3436 sed
926 3373 1069 3453 quamvis

149 3493 261 3560 iccirco
279 3488 376 3572 magis
395 3487 428 3556 in
446 3484 570 3569 dialogo
587 3485 711 3565 hocce,
733 3484 809 3566 quid
826 3504 891 3552 nou
909 3488 951 3555 sit
962 3489 1070 3575 scien·

149 3609 217 3687 rja,
240 3621 342 3687 quam
360 3599 437 3684 quid
453 3599 516 3680 sit,
530 3600 744 3682 ostendatur,
766 3600 826 3666 hoc
841 3602 966 3687 ipsum,
992 3607 1071 3690 quid

149 3741 215 3790 non
245 3719 307 3803 sit,
337 3717 477 3796 vidisse,
506 3715 607 3803 magni
638 3716 730 3783 uobis
766 3718 806 3782 ad
837 3718 996 3810 scientiam
1020 3744 1070 3791 aa.

152 3835 340 3922 sequendam
376 3830 528 3921 momenti
552 3831 635 3913 erit,
676 3847 712 3897 ut
735 3850 937 3924 secernamus.
961 3839 999 3927 ab
1032 3857 1070 3927 aa

148 3943 600 4040 coctano·‚u2efa1s0t0c
628 3950 796 4042 pnsum,
810 3951 937 4046 maha
959 3934 1075 4049 dau·

1002 4087 1069 4142 lut·
