2896 5168
550 477 746 537 ...147—

173 638 283 715 inor:
314 642 468 722 alterum,
501 658 636 722 quorum
667 643 727 706 hoe
754 660 825 706 cum
859 642 913 706 illo
943 640 1111 709 convenire

172 769 204 819 et
239 758 401 838 generari:
434 772 592 824 caeterum
623 764 838 839 αἰσθήσεις
863 757 913 824 his
940 746 1024 842 apud
1050 777 1111 824 nos

170 873 353 962 nominibus
393 876 566 958 appellari,
597 877 712 957 visus,
754 876 905 959 nuditus,
946 873 1111 957 olfactus,
1166 955 1169 963 ¹

169 1005 308 1074 gustus,
330 1010 510 1074 sensusque
533 990 640 1079 frigidi
658 1007 690 1060 et
710 993 825 1074 calidi,
850 993 969 1075 quique
997 996 1113 1078 volup·

168 1120 249 1174 tates
277 1123 310 1175 et
331 1110 481 1191 dolores,
513 1110 674 1195 appetitus
710 1125 740 1176 et
772 1110 900 1176 timores
934 1103 1108 1177 vocantur:

168 1223 315 1307 aliosque
344 1226 501 1307 affectus,
534 1227 716 1293 innumeros
742 1227 799 1309 qui
825 1209 954 1293 nomine
980 1242 1109 1309 tarent,

168 1340 346 1408 nominatos
376 1361 470 1424 quarn
491 1343 671 1425 plurimos:
694 1346 896 1423 alcimio
930 1358 1035 1410 autem
1055 1354 1111 1429 ge·

167 1475 228 1523 nus
255 1458 305 1530 bis
334 1459 468 1546 singulis
494 1478 564 1526 esse
593 1477 788 1544 cognatum,
818 1461 941 1528 visibus
969 1459 1111 1545 omnige-

167 1575 218 1642 nls
257 1577 443 1662 omnigenos
473 1580 625 1642 colores:
653 1577 813 1644 auditibus
845 1577 954 1645 itidem
990 1576 1107 1643 voees:

167 1694 363 1776 caeterisque
383 1699 536 1775 αἰσθήσεσι
566 1702 689 1760 caeteta
710 1696 851 1773 αἰσθητὰ.
870 1689 916 1750 (¹)

209 1811 366 1878 Huncin
394 1812 523 1878 modum
559 1811 706 1878 Socrates
735 1810 948 1892 sophistarum
982 1799 1107 1874 illorum

168 1938 200 1992 et
227 1927 494 2013 pbilosophorum
522 1928 637 2012 placita
667 1927 818 2012 exponit:
842 1925 978 1996 illustrat
1002 1916 1118 2002 tutem

167 2042 293 2129 singula
316 2065 388 2112 cum
419 2047 487 2112 aliis
516 2045 690 2128 exemplis,
719 2054 787 2110 turn
822 2044 907 2127 hoc,
937 2041 977 2109 ab
1005 2039 1108 2108 oculis

165 2177 197 2228 et
222 2161 385 2228 coloribus
416 2164 525 2228 ducto.
570 2161 668 2248 Quod
688 2163 826 2227 colorem
853 2178 949 2226 vocas
977 2156 1107 2241 albuin,
1159 2248 1163 2256 ³

166 2277 291 2361 lnquit,
314 2279 347 2343 id
377 2295 435 2343 nec
464 2278 547 2343 aliud
571 2277 742 2360 quidquam
771 2291 860 2342 extra
885 2278 998 2342 oculos
1030 2288 1107 2340 tuos

167 2412 261 2474 esse,
283 2410 342 2461 nec
374 2393 407 2459 in
439 2393 565 2475 oeulis,
587 2391 766 2460 existimes:
789 2410 896 2476 neque
921 2391 967 2457 illi
993 2407 1032 2456 tu
1059 2389 1108 2456 lo·

165 2527 239 2577 cunr
261 2523 382 2576 certum
408 2507 550 2577 tribuas:
571 2511 635 2596 jam
658 2509 740 2576 enim
768 2523 905 2576 maneret
924 2506 1040 2578 alicubi
1056 2520 1111 2574 on·

167 2626 242 2694 dine
267 2646 325 2695 nec
343 2627 433 2694 fieret
450 2628 664 2714 generatione.
684 2656 733 2683 -κ
752 2617 927 2714 Quomodo
952 2626 1049 2714 igitur
1065 2616 1106 2693 n'a

165 2744 222 2812 lud
245 2738 281 2813 se
309 2745 431 2814 habeti
472 2778 516 2798 ι-
547 2744 722 2828 sequamur
754 2763 929 2812 sermonem
960 2742 1107 2830 superio·

165 2878 252 2944 rem,
275 2882 374 2947 quum
400 2861 480 2929 nihil
497 2881 555 2946 per
584 2882 620 2930 se
648 2864 753 2948 ipsum
782 2882 881 2929 unum
905 2854 1105 2947 esse'pono'k

167 2995 289 3045 temus:
313 2991 410 3058 atque
440 2978 482 3040 ita
512 2975 605 3041 nobis
636 2978 725 3062 niger
754 2972 910 3059 albusque
931 2992 965 3044 et
993 2979 1103 3062 quivis

165 3093 247 3159 alius
268 3094 357 3156 color
378 3109 417 3157 ex
445 3091 610 3156 oculorum
630 3091 669 3156 ad
690 3093 930 3161 convenientem
956 3092 1035 3171 ipsis
1055 3113 1105 3162 ro·

168 3227 239 3274 rum
270 3222 391 3275 motum
421 3206 633 3292 applicatione
669 3208 829 3275 exstitisse
861 3208 1046 3290 videbitur,
1068 3224 1102 3277 et

169 3327 394 3411 quodcumque
415 3325 531 3392 coloris
562 3324 691 3392 nomine
720 3346 894 3411 vocamus,
928 3344 985 3393 nec
1013 3320 1101 3407 quod

166 3446 301 3529 applicat
327 3444 410 3523 erit,
441 3461 499 3509 nec
529 3443 617 3525 quod
640 3443 839 3527 applicatur,
873 3445 928 3512 sed
955 3444 1101 3512 intenne·

162 3562 238 3628 dius
265 3560 393 3644 quidam
425 3559 540 3642 cuiqne
566 3559 714 3644 proprius
744 3560 889 3629 affectus.
941 3564 994 3630 An
1022 3562 1101 3631 vero

163 3695 343 3749 asseverare
370 3676 479 3757 ausis,
517 3678 617 3759 qualis
654 3677 714 3743 tibi
747 3681 970 3764 unusquisque
1008 3684 1101 3748 color

105 3798 108 3803 ’
165 3810 319 3886 apparot,
348 3793 440 3862 talem
471 3792 603 3861 canibus
626 3794 718 3864 etiam
739 3796 936 3885 singulisque
959 3798 1102 3868 animali·

1038 3913 1101 3980 w
1153 3931 1156 3935 ,

196 4054 246 4128 (ι)
268 4048 648 4113 nummu-ass.
668 4041 703 4108 o'.
777 4046 781 4054 ·
959 4027 962 4033 ’
1052 4040 1058 4059 ’

595 4152 668 4225 Ka
