2896 5168
612 487 827 551 ..1„-.
903 505 909 521 .

251 665 465 733 temperatam,
495 664 528 711 ut
559 650 588 710 in
614 649 734 728 legibus
758 647 904 714 haberent
926 652 1100 714 verissimae
1119 673 1168 716 sa·

248 768 324 832 lutis
345 764 562 846 felicitatisque
580 764 740 844 praesidia.
792 765 875 828 Haec
903 783 976 832 sunt
1003 787 1166 850 germana,

249 884 282 947 ni
300 882 451 960 fallimur,
470 879 549 964 juris
568 879 686 961 publici
706 881 878 962 principia,
904 884 1019 965 quibus
1043 904 1170 967 percep·
1279 948 1282 953 ,

250 998 290 1063 tis
310 1013 414 1076 recte,
437 1013 467 1061 et
486 996 670 1063 Ciceronem
692 997 919 1079 intelligemus,
947 1001 999 1063 ubi
1019 1002 1086 1066 sine
1103 1005 1170 1086 jus·
1271 1085 1276 1091 ι

252 1115 319 1179 titia
340 1133 406 1178 esse
427 1113 578 1178 civitatem
602 1131 666 1177 non
692 1135 789 1195 posse
809 1115 962 1196 affirmat,
980 1136 1035 1181 nec
1055 1133 1169 1182 statum

252 1246 377 1295 naturae
394 1245 447 1294 aut
463 1229 585 1294 rudium
605 1232 793 1311 populorum
810 1247 1025 1313 contractum,
1051 1238 1170 1316 qualem

253 1349 438 1413 recentiores
462 1348 643 1430 philosophi
666 1349 839 1430 fingendum
868 1350 1041 1413 necessario
1069 1352 1176 1416 existi·

252 1479 435 1545 naverunt,
456 1464 663 1546 desideraturi
679 1481 864 1546 magnopere
886 1484 1005 1529 sumus.

475 1680 553 1759 'Da
592 1713 705 1776 opere
743 1696 931 1760 Platonis

596 1809 638 1874 de
658 1809 841 1894 Legibus.

299 2040 422 2126 Quodsi
456 2038 569 2103 rectius
595 2042 681 2104 ctiam
713 2055 742 2103 et
774 2040 946 2121 intelligere
963 2055 993 2104 et
1014 2041 1179 2124 dijudicare

257 2157 417 2223 Politicam
448 2156 586 2220 Platonis
616 2157 766 2235 velimus,
801 2158 962 2240 legendum
983 2159 1073 2224 nobis
1093 2180 1181 2242 prae·

257 2273 347 2354 cipue
376 2291 456 2353 opus
488 2288 556 2351 est,
590 2275 675 2353 quod
698 2274 747 2337 De
765 2273 896 2358 Legibus
915 2276 1095 2357 inscriptum
1117 2294 1177 2346 ert.

260 2389 339 2452 Nam
371 2403 405 2451 ut
428 2387 458 2452 iu
479 2388 600 2452 Politia
619 2390 656 2452 ad
679 2392 889 2470 explicandam
907 2391 1179 2475 illustrandamque

258 2503 399 2568 Ethicam
432 2503 587 2569 Politicam
617 2506 778 2584 adhibuit,
809 2509 850 2571 ita
878 2507 910 2570 in
940 2510 1037 2574 hocce
1057 2511 1179 2593 dialogo

260 2623 356 2704 ipsam
376 2623 558 2702 carropera
580 2623 695 2684 tradere
717 2620 873 2685 Politieam
899 2624 1032 2687 studuit.
1072 2625 1180 2705 Itaque

250 2738 395 2804 'Cliniam
429 2741 479 2802 hic
500 2740 678 2802 Cretensem
704 2737 824 2800 induxit
842 2756 910 2800 cum
934 2739 1065 2818 Megillo
1084 2739 1180 2803 Lace-

261 2855 422 2919 daemonio
457 2871 487 2917 et
517 2853 650 2934 Hospite
683 2851 865 2916 Atheniensi
894 2853 931 2916 de
962 2853 1084 2918 colonial
1107 2872 1184 2916 con·

261 2972 359 3036 dendl
380 2983 541 3051 agentem,
577 2989 666 3048 quam
691 2969 758 3049 ipse
776 2983 855 3032 esset
876 2968 1026 3032 ducturus
1048 2983 1077 3033 et
1100 2971 1183 3052 opti-

263 3085 321 3150 mis
341 3086 521 3166 quibusque
546 3085 666 3167 legibus
687 3085 837 3149 instruere
858 3101 974 3150 averet.
1018 3088 1181 3153 Sermones

263 3203 295 3267 hi
322 3202 416 3284 igitur
445 3221 534 3282 non,
569 3217 604 3266 ut
634 3202 664 3265 in
693 3201 836 3282 Politld,
866 3202 1014 3286 justitiam
1036 3219 1066 3267 et
1087 3204 1180 3268 viram

262 3320 379 3382 beatam
413 3334 576 3399 spectant,
611 3320 666 3383 sed
684 3320 721 3384 ad
743 3321 824 3400 leges
843 3316 1018 3388 referuntur
1035 3322 1182 3402 proprie,

264 3435 379 3516 quibus
404 3435 521 3517 optime
555 3451 584 3500 et
616 3436 825 3502 constituatur
854 3452 884 3499 et
912 3455 1034 3519 regatur
1060 3436 1180 3501 civitas.

262 3550 456 3634 Quamquam
484 3550 571 3627 abest
591 3552 743 3628 multum,
774 3565 828 3628 ut,
862 3550 956 3614 missa
976 3549 1108 3623 Bellica,
1137 3569 1185 3612 ar·

264 3688 325 3734 tem
358 3686 416 3731 nos
445 3666 485 3731 ita
513 3667 600 3731 Plato
625 3666 768 3748 regnandi
788 3666 948 3745 docuerit,
981 3668 1066 3745 quod
1087 3683 1181 3729 unum

263 3801 372 3868 postea
403 3782 505 3848 conati
534 3797 608 3846 sunt
636 3782 747 3861 multi3
779 3782 841 3845 imo
873 3800 947 3845 vero
977 3781 1181 3863 explicandam

263 3899 315 3969 ille
343 3899 499 3968 Politicam
523 3917 560 3962 ex
578 3896 693 3962 Ethicll
711 3912 804 3978 atquc
825 3917 861 3961 ex
886 3895 1029 3962 interiore
1048 3898 1183 3972 hominis

1131 4035 1186 4080 no·
