<?xml version="1.0" encoding="UTF-8"?>
<!DOCTYPE html PUBLIC "-//W3C//DTD XHTML 1.0 Transitional//EN"
    "http://www.w3.org/TR/xhtml1/DTD/xhtml1-transitional.dtd">
<html xmlns="http://www.w3.org/1999/xhtml" xml:lang="en" lang="en">
 <head>
  <title>
</title>
<meta http-equiv="Content-Type" content="text/html;charset=utf-8" />
  <meta name='ocr-system' content='tesseract 3.04.00' />
  <meta name='ocr-capabilities' content='ocr_page ocr_carea ocr_par ocr_line ocrx_word'/>
</head>
<body>
  <div class='ocr_page' id='page_1' title='image "./initiaphilosoph04heusgoog_0086.png"; bbox 0 0 2896 5168; ppageno 0'>
   <div class='ocr_carea' id='block_1_1' title="bbox 530 503 699 568">
    <p class='ocr_par' dir='ltr' id='par_1_1' title="bbox 530 503 699 568">
     <span class='ocr_line' id='line_1_1' title="bbox 530 503 699 568; baseline 0.006 -27"><span class='ocrx_word' id='word_1_1' title='bbox 530 503 699 568; x_wconf 68' lang='lat'><strong><em>..⁷9—</em></strong></span> 
     </span>
    </p>
   </div>
   <div class='ocr_carea' id='block_1_2' title="bbox 154 665 1113 2257">
    <p class='ocr_par' dir='ltr' id='par_1_2' title="bbox 154 665 1113 2257">
     <span class='ocr_line' id='line_1_2' title="bbox 154 665 1076 758; baseline -0.008 -16"><span class='ocrx_word' id='word_1_2' title='bbox 154 673 274 758; x_wconf 68' lang='lat' dir='ltr'><strong>luico,</strong></span> <span class='ocrx_word' id='word_1_3' title='bbox 294 674 365 756; x_wconf 73' lang='lat' dir='ltr'><strong>uui·</strong></span> <span class='ocrx_word' id='word_1_4' title='bbox 384 669 477 755; x_wconf 66' lang='lat' dir='ltr'><strong>lam,</strong></span> <span class='ocrx_word' id='word_1_5' title='bbox 497 673 572 752; x_wconf 69' lang='lat' dir='ltr'><strong>uuit</strong></span> <span class='ocrx_word' id='word_1_6' title='bbox 591 669 705 748; x_wconf 84' lang='grc' dir='ltr'><strong><em>τίτοιν,</em></strong></span> <span class='ocrx_word' id='word_1_7' title='bbox 727 665 784 752; x_wconf 71' lang='lat' dir='ltr'><strong>lap</strong></span> <span class='ocrx_word' id='word_1_8' title='bbox 804 670 843 738; x_wconf 77' lang='lat' dir='ltr'><strong>itu</strong></span> <span class='ocrx_word' id='word_1_9' title='bbox 861 668 1076 752; x_wconf 76' lang='grc' dir='ltr'><strong><em>ίρρομενίτερον</em></strong></span> 
     </span>
     <span class='ocr_line' id='line_1_3' title="bbox 156 783 1076 876; baseline -0.013 -16"><span class='ocrx_word' id='word_1_10' title='bbox 156 791 198 876; x_wconf 69' lang='grc' dir='ltr'><strong>ξ,</strong></span> <span class='ocrx_word' id='word_1_11' title='bbox 219 790 347 873; x_wconf 76' lang='grc' dir='ltr'><strong><em>τοτοιίτςο</em></strong></span> <span class='ocrx_word' id='word_1_12' title='bbox 366 788 506 857; x_wconf 70' lang='lat' dir='ltr'><strong>anteitur</strong></span> <span class='ocrx_word' id='word_1_13' title='bbox 525 789 601 856; x_wconf 76' lang='grc' dir='ltr'><strong><em>ἐνδεῖ</em></strong></span> <span class='ocrx_word' id='word_1_14' title='bbox 616 793 673 856; x_wconf 77' lang='grc' dir='ltr'><strong>τῶν</strong></span> <span class='ocrx_word' id='word_1_15' title='bbox 691 785 868 869; x_wconf 71' lang='grc' dir='ltr'><strong><em>τρεπόντων·</em></strong></span> <span class='ocrx_word' id='word_1_16' title='bbox 888 784 993 866; x_wconf 64' lang='lat' dir='ltr'><strong>eumd</strong></span> <span class='ocrx_word' id='word_1_17' title='bbox 1015 783 1076 865; x_wconf 84' lang='grc' dir='ltr'><strong><em>γιίρ</em></strong></span> 
     </span>
     <span class='ocr_line' id='line_1_4' title="bbox 157 897 1078 985; baseline -0.015 -12"><span class='ocrx_word' id='word_1_18' title='bbox 157 907 247 973; x_wconf 79' lang='grc' dir='ltr'><strong><em>κακὸν</em></strong></span> <span class='ocrx_word' id='word_1_19' title='bbox 276 903 475 984; x_wconf 65' lang='grc' dir='ltr'><strong>ἐναντιώτερον</strong></span> <span class='ocrx_word' id='word_1_20' title='bbox 503 902 520 980; x_wconf 76' lang='grc' dir='ltr'><strong><em>ἥ</em></strong></span> <span class='ocrx_word' id='word_1_21' title='bbox 550 903 592 985; x_wconf 76' lang='grc' dir='ltr'><strong>τῷ</strong></span> <span class='ocrx_word' id='word_1_22' title='bbox 618 903 661 982; x_wconf 64' lang='grc' dir='ltr'><strong>μὴ</strong></span> <span class='ocrx_word' id='word_1_23' title='bbox 690 901 804 983; x_wconf 74' lang='grc' dir='ltr'><strong><em>αγαίῷ.</em></strong></span> <span class='ocrx_word' id='word_1_24' title='bbox 856 897 975 962; x_wconf 82' lang='lat' dir='ltr'><strong>Scimus</strong></span> <span class='ocrx_word' id='word_1_25' title='bbox 997 897 1078 960; x_wconf 84' lang='lat' dir='ltr'><strong>enim</strong></span> 
     </span>
     <span class='ocr_line' id='line_1_5' title="bbox 156 1015 1080 1101; baseline -0.005 -18"><span class='ocrx_word' id='word_1_26' title='bbox 156 1038 242 1084; x_wconf 89' lang='lat' dir='ltr'><strong>omne</strong></span> <span class='ocrx_word' id='word_1_27' title='bbox 269 1037 367 1082; x_wconf 86' lang='lat' dir='ltr'><strong>semen</strong></span> <span class='ocrx_word' id='word_1_28' title='bbox 392 1037 430 1081; x_wconf 86' lang='lat' dir='ltr'><strong>ae</strong></span> <span class='ocrx_word' id='word_1_29' title='bbox 445 1036 574 1101; x_wconf 81' lang='lat' dir='ltr'><strong>germen</strong></span> <span class='ocrx_word' id='word_1_30' title='bbox 594 1019 657 1083; x_wconf 81' lang='lat' dir='ltr'><strong>siue</strong></span> <span class='ocrx_word' id='word_1_31' title='bbox 672 1016 856 1101; x_wconf 81' lang='lat' dir='ltr'><strong>plantarum</strong></span> <span class='ocrx_word' id='word_1_32' title='bbox 875 1016 938 1080; x_wconf 80' lang='lat' dir='ltr'><strong>tire</strong></span> <span class='ocrx_word' id='word_1_33' title='bbox 956 1015 1080 1078; x_wconf 85' lang='lat' dir='ltr'><strong>anima·</strong></span> 
     </span>
     <span class='ocr_line' id='line_1_6' title="bbox 156 1130 1083 1219; baseline -0.001 -22"><span class='ocrx_word' id='word_1_34' title='bbox 156 1133 257 1213; x_wconf 71' lang='lat' dir='ltr'><strong>bum,</strong></span> <span class='ocrx_word' id='word_1_35' title='bbox 279 1130 363 1219; x_wconf 83' lang='lat' dir='ltr'><strong>quud</strong></span> <span class='ocrx_word' id='word_1_36' title='bbox 379 1153 439 1199; x_wconf 87' lang='lat' dir='ltr'><strong>nun</strong></span> <span class='ocrx_word' id='word_1_37' title='bbox 451 1133 644 1216; x_wconf 85' lang='lat' dir='ltr'><strong>fuerit&#39;eam</strong></span> <span class='ocrx_word' id='word_1_38' title='bbox 664 1134 889 1211; x_wconf 75' lang='lat' dir='ltr'><strong>nutritivum,</strong></span> <span class='ocrx_word' id='word_1_39' title='bbox 917 1150 985 1196; x_wconf 91' lang='lat' dir='ltr'><strong>eam</strong></span> <span class='ocrx_word' id='word_1_40' title='bbox 1005 1144 1083 1197; x_wconf 83' lang='lat' dir='ltr'><strong>tem·</strong></span> 
     </span>
     <span class='ocr_line' id='line_1_7' title="bbox 154 1247 1081 1338; baseline 0.003 -26"><span class='ocrx_word' id='word_1_41' title='bbox 154 1263 322 1334; x_wconf 80' lang='lat' dir='ltr'><strong>pertatem,</strong></span> <span class='ocrx_word' id='word_1_42' title='bbox 353 1268 421 1315; x_wconf 84' lang='lat' dir='ltr'><strong>eam</strong></span> <span class='ocrx_word' id='word_1_43' title='bbox 449 1254 602 1335; x_wconf 81' lang='lat' dir='ltr'><strong>regionem</strong></span> <span class='ocrx_word' id='word_1_44' title='bbox 631 1247 802 1337; x_wconf 81' lang='lat' dir='ltr'><strong>adeptum,</strong></span> <span class='ocrx_word' id='word_1_45' title='bbox 833 1267 914 1338; x_wconf 87' lang='lat' dir='ltr'><strong>quae</strong></span> <span class='ocrx_word' id='word_1_46' title='bbox 937 1248 998 1335; x_wconf 83' lang='lat' dir='ltr'><strong>ipsi</strong></span> <span class='ocrx_word' id='word_1_47' title='bbox 1023 1267 1081 1315; x_wconf 82' lang='lat' dir='ltr'><strong>na·</strong></span> 
     </span>
     <span class='ocr_line' id='line_1_8' title="bbox 154 1364 1083 1453; baseline -0.003 -22"><span class='ocrx_word' id='word_1_48' title='bbox 154 1364 237 1431; x_wconf 80' lang='lat' dir='ltr'><strong>eure</strong></span> <span class='ocrx_word' id='word_1_49' title='bbox 261 1369 445 1447; x_wconf 82' lang='lat' dir='ltr'><strong>conueniat,</strong></span> <span class='ocrx_word' id='word_1_50' title='bbox 476 1388 535 1453; x_wconf 85' lang='lat' dir='ltr'><strong>quo</strong></span> <span class='ocrx_word' id='word_1_51' title='bbox 562 1368 698 1433; x_wconf 67' lang='lat' dir='ltr'><strong>aaudiat</strong></span> <span class='ocrx_word' id='word_1_52' title='bbox 726 1369 788 1447; x_wconf 85' lang='lat' dir='ltr'><strong>sit,</strong></span> <span class='ocrx_word' id='word_1_53' title='bbox 817 1387 850 1432; x_wconf 88' lang='lat' dir='ltr'><strong>eu</strong></span> <span class='ocrx_word' id='word_1_54' title='bbox 864 1364 1009 1451; x_wconf 83' lang='lat' dir='ltr'><strong>pluribus</strong></span> <span class='ocrx_word' id='word_1_55' title='bbox 1032 1365 1083 1429; x_wconf 83' lang='lat' dir='ltr'><strong>in·</strong></span> 
     </span>
     <span class='ocr_line' id='line_1_9' title="bbox 156 1481 1081 1570; baseline -0.002 -22"><span class='ocrx_word' id='word_1_56' title='bbox 156 1481 262 1570; x_wconf 82' lang='lat' dir='ltr'><strong>digere</strong></span> <span class='ocrx_word' id='word_1_57' title='bbox 282 1481 467 1551; x_wconf 81' lang='lat' dir='ltr'><strong>commodis:</strong></span> <span class='ocrx_word' id='word_1_58' title='bbox 495 1481 569 1549; x_wconf 83' lang='lat' dir='ltr'><strong>buno</strong></span> <span class='ocrx_word' id='word_1_59' title='bbox 591 1503 723 1567; x_wconf 87' lang='lat' dir='ltr'><strong>namque</strong></span> <span class='ocrx_word' id='word_1_60' title='bbox 747 1482 864 1547; x_wconf 86' lang='lat' dir='ltr'><strong>maium</strong></span> <span class='ocrx_word' id='word_1_61' title='bbox 884 1482 1081 1547; x_wconf 83' lang='lat' dir='ltr'><strong>eontrarium</strong></span> 
     </span>
     <span class='ocr_line' id='line_1_10' title="bbox 156 1594 1082 1685; baseline -0.002 -21"><span class='ocrx_word' id='word_1_62' title='bbox 156 1604 274 1685; x_wconf 83' lang='lat' dir='ltr'><strong>magis,</strong></span> <span class='ocrx_word' id='word_1_63' title='bbox 297 1620 391 1684; x_wconf 85' lang='lat' dir='ltr'><strong>quam</strong></span> <span class='ocrx_word' id='word_1_64' title='bbox 410 1619 470 1663; x_wconf 87' lang='lat' dir='ltr'><strong>non</strong></span> <span class='ocrx_word' id='word_1_65' title='bbox 487 1598 573 1664; x_wconf 84' lang='lat' dir='ltr'><strong>bono.</strong></span> <span class='ocrx_word' id='word_1_66' title='bbox 597 1635 640 1650; x_wconf 90' lang='lat'><em>-</em></span> <span class='ocrx_word' id='word_1_67' title='bbox 659 1596 802 1682; x_wconf 76' lang='lat' dir='ltr'><strong>Quidni?</strong></span> <span class='ocrx_word' id='word_1_68' title='bbox 822 1634 867 1648; x_wconf 94' lang='lat'>—</span> <span class='ocrx_word' id='word_1_69' title='bbox 885 1596 947 1662; x_wconf 86' lang='lat' dir='ltr'><strong>Est</strong></span> <span class='ocrx_word' id='word_1_70' title='bbox 964 1594 1082 1678; x_wconf 77' lang='lat' dir='ltr'><strong>igitur,</strong></span> 
     </span>
     <span class='ocr_line' id='line_1_11' title="bbox 157 1706 1087 1791; baseline -0.004 -14"><span class='ocrx_word' id='word_1_71' title='bbox 157 1729 193 1777; x_wconf 91' lang='lat' dir='ltr'><strong>ut</strong></span> <span class='ocrx_word' id='word_1_72' title='bbox 215 1712 372 1790; x_wconf 81' lang='lat' dir='ltr'>arbitror,</span> <span class='ocrx_word' id='word_1_73' title='bbox 395 1708 507 1775; x_wconf 88' lang='lat' dir='ltr'><strong>rationi</strong></span> <span class='ocrx_word' id='word_1_74' title='bbox 529 1723 792 1789; x_wconf 90' lang='lat' dir='ltr'><strong>cousentaneum,</strong></span> <span class='ocrx_word' id='word_1_75' title='bbox 820 1706 967 1791; x_wconf 85' lang='lat' dir='ltr'><strong>optimam</strong></span> <span class='ocrx_word' id='word_1_76' title='bbox 996 1721 1087 1773; x_wconf 89' lang='lat' dir='ltr'><strong>natu·</strong></span> 
     </span>
     <span class='ocr_line' id='line_1_12' title="bbox 159 1823 1113 1912; baseline -0.001 -21"><span class='ocrx_word' id='word_1_77' title='bbox 159 1844 247 1908; x_wconf 89' lang='lat' dir='ltr'><strong>ram,</strong></span> <span class='ocrx_word' id='word_1_78' title='bbox 269 1826 296 1891; x_wconf 93' lang='lat' dir='ltr'><strong>si</strong></span> <span class='ocrx_word' id='word_1_79' title='bbox 325 1825 427 1891; x_wconf 83' lang='lat' dir='ltr'><strong>alieno</strong></span> <span class='ocrx_word' id='word_1_80' title='bbox 448 1824 604 1890; x_wconf 82' lang='lat' dir='ltr'>nutriatur</span> <span class='ocrx_word' id='word_1_81' title='bbox 624 1823 790 1905; x_wconf 86' lang='lat' dir='ltr'><strong>alimento,</strong></span> <span class='ocrx_word' id='word_1_82' title='bbox 812 1823 995 1890; x_wconf 80' lang='lat' dir='ltr'>deteriorem</span> <span class='ocrx_word' id='word_1_83' title='bbox 1015 1840 1087 1890; x_wconf 84' lang='lat' dir='ltr'><strong>eva·</strong></span> <span class='ocrx_word' id='word_1_84' title='bbox 1111 1909 1113 1912; x_wconf 13' lang='grc' dir='ltr'><strong><em>ι</em></strong></span> 
     </span>
     <span class='ocr_line' id='line_1_13' title="bbox 161 1938 1088 2024; baseline 0 -17"><span class='ocrx_word' id='word_1_85' title='bbox 161 1942 253 2024; x_wconf 87' lang='lat' dir='ltr'><strong>dere,</strong></span> <span class='ocrx_word' id='word_1_86' title='bbox 273 1960 366 2022; x_wconf 90' lang='lat' dir='ltr'><strong>quam</strong></span> <span class='ocrx_word' id='word_1_87' title='bbox 388 1959 526 2024; x_wconf 86' lang='lat' dir='ltr'><strong>pravam.</strong></span> <span class='ocrx_word' id='word_1_88' title='bbox 548 1973 594 1994; x_wconf 90' lang='lat'><em>-</em></span> <span class='ocrx_word' id='word_1_89' title='bbox 614 1941 675 2008; x_wconf 84' lang='lat' dir='ltr'><strong>Est</strong></span> <span class='ocrx_word' id='word_1_90' title='bbox 694 1941 814 2022; x_wconf 88' lang='lat' dir='ltr'><strong>utique.</strong></span> <span class='ocrx_word' id='word_1_91' title='bbox 835 1975 881 1994; x_wconf 93' lang='lat'>-</span> <span class='ocrx_word' id='word_1_92' title='bbox 902 1938 970 2007; x_wconf 82' lang='lat' dir='ltr'><strong>Hac</strong></span> <span class='ocrx_word' id='word_1_93' title='bbox 992 1939 1088 2022; x_wconf 73' lang='lat' dir='ltr'><strong>igitur</strong></span> 
     </span>
     <span class='ocr_line' id='line_1_14' title="bbox 156 2032 1087 2140; baseline 0.004 -16"><span class='ocrx_word' id='word_1_94' title='bbox 156 2059 275 2125; x_wconf 87' lang='lat' dir='ltr'><strong>ratioue</strong></span> <span class='ocrx_word' id='word_1_95' title='bbox 294 2058 445 2135; x_wconf 75' lang='lat' dir='ltr'><strong>dicimus,</strong></span> <span class='ocrx_word' id='word_1_96' title='bbox 476 2056 661 2137; x_wconf 81' lang='lat' dir='ltr'><strong>Adimante,</strong></span> <span class='ocrx_word' id='word_1_97' title='bbox 682 2057 803 2122; x_wconf 89' lang='lat' dir='ltr'><strong>animos</strong></span> <span class='ocrx_word' id='word_1_98' title='bbox 823 2032 1087 2140; x_wconf 72' lang='lat' dir='ltr'><strong>praestantissimi</strong></span> 
     </span>
     <span class='ocr_line' id='line_1_15' title="bbox 156 2172 1085 2257; baseline -0.001 -15"><span class='ocrx_word' id='word_1_99' title='bbox 156 2175 262 2242; x_wconf 89' lang='lat' dir='ltr'><strong>indole</strong></span> <span class='ocrx_word' id='word_1_100' title='bbox 282 2174 458 2257; x_wconf 88' lang='lat' dir='ltr'><strong>praeditos,</strong></span> <span class='ocrx_word' id='word_1_101' title='bbox 481 2175 508 2241; x_wconf 85' lang='lat' dir='ltr'><strong>si</strong></span> <span class='ocrx_word' id='word_1_102' title='bbox 528 2175 605 2240; x_wconf 92' lang='lat' dir='ltr'><strong>male</strong></span> <span class='ocrx_word' id='word_1_103' title='bbox 625 2172 744 2241; x_wconf 87' lang='lat' dir='ltr'><strong>fuerint</strong></span> <span class='ocrx_word' id='word_1_104' title='bbox 765 2175 910 2255; x_wconf 83' lang='lat' dir='ltr'><strong>educati,</strong></span> <span class='ocrx_word' id='word_1_105' title='bbox 931 2173 1085 2257; x_wconf 82' lang='lat' dir='ltr'><strong>pessimos</strong></span> 
     </span>
    </p>
   </div>
   <div class='ocr_carea' id='block_1_3' title="bbox 160 2291 1091 2391">
    <p class='ocr_par' dir='ltr' id='par_1_3' title="bbox 160 2291 1091 2391">
     <span class='ocr_line' id='line_1_16' title="bbox 160 2291 1091 2391; baseline 0.004 -32"><span class='ocrx_word' id='word_1_106' title='bbox 160 2292 238 2359; x_wconf 85' lang='lat' dir='ltr'><strong>fieri.</strong></span> <span class='ocrx_word' id='word_1_107' title='bbox 292 2291 337 2360; x_wconf 85' lang='grc' dir='ltr'>Ἢ</span> <span class='ocrx_word' id='word_1_108' title='bbox 367 2293 418 2362; x_wconf 76' lang='lat' dir='ltr'><strong>olet</strong></span> <span class='ocrx_word' id='word_1_109' title='bbox 432 2295 489 2391; x_wconf 33' lang='grc' dir='ltr'><strong>,τοὶ</strong></span> <span class='ocrx_word' id='word_1_110' title='bbox 509 2295 638 2375; x_wconf 74' lang='grc' dir='ltr'><strong><em>μεγαλα</em></strong></span> <span class='ocrx_word' id='word_1_111' title='bbox 661 2296 835 2375; x_wconf 69' lang='grc' dir='ltr'><strong><em>ἀδικήματα</em></strong></span> <span class='ocrx_word' id='word_1_112' title='bbox 853 2293 904 2361; x_wconf 79' lang='grc' dir='ltr'><strong>καί</strong></span> <span class='ocrx_word' id='word_1_113' title='bbox 923 2294 979 2371; x_wconf 82' lang='lat' dir='ltr'><strong>riu</strong></span> <span class='ocrx_word' id='word_1_114' title='bbox 996 2296 1091 2379; x_wconf 78' lang='grc' dir='ltr'><strong><em>οίαρον·</em></strong></span> 
     </span>
    </p>
   </div>
   <div class='ocr_carea' id='block_1_4' title="bbox 52 2409 1086 2493">
    <p class='ocr_par' dir='ltr' id='par_1_4' title="bbox 52 2409 1086 2493">
     <span class='ocr_line' id='line_1_17' title="bbox 52 2409 1086 2493; baseline -0.001 -13"><span class='ocrx_word' id='word_1_115' title='bbox 52 2427 57 2433; x_wconf 87' lang='grc'><em>’</em></span> <span class='ocrx_word' id='word_1_116' title='bbox 160 2413 214 2489; x_wconf 82' lang='lat' dir='ltr'><strong>riu</strong></span> <span class='ocrx_word' id='word_1_117' title='bbox 233 2411 369 2493; x_wconf 73' lang='grc' dir='ltr'><strong><em>πονηρίαν</em></strong></span> <span class='ocrx_word' id='word_1_118' title='bbox 387 2411 420 2477; x_wconf 80' lang='grc' dir='ltr'><strong>ἐκ</strong></span> <span class='ocrx_word' id='word_1_119' title='bbox 442 2417 585 2493; x_wconf 64' lang='lat' dir='ltr'><strong>omaus,</strong></span> <span class='ocrx_word' id='word_1_120' title='bbox 607 2414 680 2479; x_wconf 76' lang='grc' dir='ltr'><strong>αλλ’</strong></span> <span class='ocrx_word' id='word_1_121' title='bbox 699 2414 751 2478; x_wconf 80' lang='lat' dir='ltr'><strong>eiu</strong></span> <span class='ocrx_word' id='word_1_122' title='bbox 767 2413 802 2478; x_wconf 76' lang='grc' dir='ltr'><strong>ἐκ</strong></span> <span class='ocrx_word' id='word_1_123' title='bbox 819 2417 952 2485; x_wconf 67' lang='grc' dir='ltr'><strong><em>νεανικῆς</em></strong></span> <span class='ocrx_word' id='word_1_124' title='bbox 966 2409 1086 2493; x_wconf 52' lang='lat' dir='ltr'><strong>&amp;irrue</strong></span> 
     </span>
    </p>
   </div>
   <div class='ocr_carea' id='block_1_5' title="bbox 68 2521 1088 2847">
    <p class='ocr_par' dir='ltr' id='par_1_5' title="bbox 68 2521 1088 2847">
     <span class='ocr_line' id='line_1_18' title="bbox 160 2521 1088 2612; baseline 0 -16"><span class='ocrx_word' id='word_1_125' title='bbox 160 2534 256 2612; x_wconf 68' lang='grc' dir='ltr'><strong><em>τροφῇ</em></strong></span> <span class='ocrx_word' id='word_1_126' title='bbox 277 2530 467 2611; x_wconf 73' lang='grc' dir='ltr'><strong><em>διοολορίννο</em></strong></span> <span class='ocrx_word' id='word_1_127' title='bbox 490 2529 671 2609; x_wconf 86' lang='grc' dir='ltr'><strong><em>γίγνετίαι,</em></strong></span> <span class='ocrx_word' id='word_1_128' title='bbox 693 2521 800 2604; x_wconf 71' lang='lat' dir='ltr'><strong>delenti</strong></span> <span class='ocrx_word' id='word_1_129' title='bbox 820 2529 852 2596; x_wconf 74' lang='lat' dir='ltr'><strong>ii</strong></span> <span class='ocrx_word' id='word_1_130' title='bbox 874 2527 966 2611; x_wconf 75' lang='grc' dir='ltr'><strong><em>φύσιν</em></strong></span> <span class='ocrx_word' id='word_1_131' title='bbox 984 2525 1088 2608; x_wconf 66' lang='lat' dir='ltr'><strong>utui-</strong></span> 
     </span>
     <span class='ocr_line' id='line_1_19' title="bbox 160 2643 1085 2725; baseline -0.002 -12"><span class='ocrx_word' id='word_1_132' title='bbox 160 2661 220 2713; x_wconf 77' lang='grc' dir='ltr'><strong><em>ιιιιν</em></strong></span> <span class='ocrx_word' id='word_1_133' title='bbox 250 2646 318 2713; x_wconf 77' lang='grc' dir='ltr'><strong><em>οὔτε</em></strong></span> <span class='ocrx_word' id='word_1_134' title='bbox 349 2647 468 2725; x_wconf 64' lang='lat' dir='ltr'><strong>dualia</strong></span> <span class='ocrx_word' id='word_1_135' title='bbox 503 2645 570 2712; x_wconf 77' lang='grc' dir='ltr'><strong><em>οὔτε</em></strong></span> <span class='ocrx_word' id='word_1_136' title='bbox 602 2650 699 2711; x_wconf 81' lang='grc' dir='ltr'><strong><em>κακῶν</em></strong></span> <span class='ocrx_word' id='word_1_137' title='bbox 725 2645 826 2713; x_wconf 75' lang='grc' dir='ltr'><strong><em>αἰτίαν</em></strong></span> <span class='ocrx_word' id='word_1_138' title='bbox 852 2646 925 2712; x_wconf 73' lang='grc' dir='ltr'><strong><em>τοτὲ</em></strong></span> <span class='ocrx_word' id='word_1_139' title='bbox 945 2643 1085 2724; x_wconf 57' lang='lat' dir='ltr'><strong>{caelen</strong></span> 
     </span>
     <span class='ocr_line' id='line_1_20' title="bbox 68 2741 1087 2847; baseline -0.001 -24"><span class='ocrx_word' id='word_1_140' title='bbox 68 2741 71 2754; x_wconf 51' lang='lat'>¹</span> <span class='ocrx_word' id='word_1_141' title='bbox 157 2759 212 2823; x_wconf 86' lang='lat' dir='ltr'><strong>An</strong></span> <span class='ocrx_word' id='word_1_142' title='bbox 240 2774 456 2847; x_wconf 75' lang='lat' dir='ltr'><strong>rempotus,</strong></span> <span class='ocrx_word' id='word_1_143' title='bbox 500 2761 641 2823; x_wconf 72' lang='lat' dir='ltr'><strong>maxima</strong></span> <span class='ocrx_word' id='word_1_144' title='bbox 673 2759 809 2836; x_wconf 83' lang='lat' dir='ltr'><strong>seelera,</strong></span> <span class='ocrx_word' id='word_1_145' title='bbox 852 2773 883 2823; x_wconf 89' lang='lat' dir='ltr'><strong>et</strong></span> <span class='ocrx_word' id='word_1_146' title='bbox 915 2771 1087 2822; x_wconf 72' lang='lat' dir='ltr'><strong>extremam</strong></span> 
     </span>
    </p>
   </div>
   <div class='ocr_carea' id='block_1_6' title="bbox 160 2873 1087 2961">
    <p class='ocr_par' dir='ltr' id='par_1_6' title="bbox 160 2873 1087 2961">
     <span class='ocr_line' id='line_1_21' title="bbox 160 2873 1087 2961; baseline -0.006 -19"><span class='ocrx_word' id='word_1_147' title='bbox 160 2876 332 2961; x_wconf 71' lang='lat' dir='ltr'><strong>nequitiam</strong></span> <span class='ocrx_word' id='word_1_148' title='bbox 350 2878 390 2940; x_wconf 86' lang='lat' dir='ltr'><strong>ab</strong></span> <span class='ocrx_word' id='word_1_149' title='bbox 410 2879 528 2959; x_wconf 79' lang='lat' dir='ltr'><strong>ignaua</strong></span> <span class='ocrx_word' id='word_1_150' title='bbox 547 2878 648 2957; x_wconf 83' lang='lat' dir='ltr'><strong>potius</strong></span> <span class='ocrx_word' id='word_1_151' title='bbox 665 2873 785 2953; x_wconf 84' lang='lat' dir='ltr'><strong>indole,</strong></span> <span class='ocrx_word' id='word_1_152' title='bbox 806 2892 900 2956; x_wconf 85' lang='lat' dir='ltr'><strong>quam</strong></span> <span class='ocrx_word' id='word_1_153' title='bbox 917 2873 1069 2958; x_wconf 73' lang='lat' dir='ltr'><strong>generasti</strong></span> <span class='ocrx_word' id='word_1_154' title='bbox 1074 2919 1087 2953; x_wconf 94' lang='lat'><strong>,</strong></span> 
     </span>
    </p>
   </div>
   <div class='ocr_carea' id='block_1_7' title="bbox 61 2985 1096 3076">
    <p class='ocr_par' dir='ltr' id='par_1_7' title="bbox 61 2985 1096 3076">
     <span class='ocr_line' id='line_1_22' title="bbox 61 2985 1096 3076; baseline -0.005 -20"><span class='ocrx_word' id='word_1_155' title='bbox 61 3035 64 3041; x_wconf 85' lang='lat'><em>-</em></span> <span class='ocrx_word' id='word_1_156' title='bbox 155 3011 214 3076; x_wconf 86' lang='lat' dir='ltr'><strong>per</strong></span> <span class='ocrx_word' id='word_1_157' title='bbox 241 2990 449 3056; x_wconf 71' lang='lat' dir='ltr'><strong>educationem</strong></span> <span class='ocrx_word' id='word_1_158' title='bbox 479 2987 656 3075; x_wconf 78' lang='lat' dir='ltr'><strong>eorruptd,</strong></span> <span class='ocrx_word' id='word_1_159' title='bbox 684 2987 877 3076; x_wconf 79' lang='lat' dir='ltr'><strong>procedere?</strong></span> <span class='ocrx_word' id='word_1_160' title='bbox 909 2985 1096 3053; x_wconf 78' lang='lat' dir='ltr'><strong>imbecillem</strong></span> 
     </span>
    </p>
   </div>
   <div class='ocr_carea' id='block_1_8' title="bbox 157 3091 1113 4217">
    <p class='ocr_par' dir='ltr' id='par_1_8' title="bbox 157 3091 1113 4116">
     <span class='ocr_line' id='line_1_23' title="bbox 157 3091 1088 3191; baseline -0.006 -15"><span class='ocrx_word' id='word_1_161' title='bbox 157 3128 231 3176; x_wconf 76' lang='lat' dir='ltr'><strong>reru</strong></span> <span class='ocrx_word' id='word_1_162' title='bbox 258 3091 409 3171; x_wconf 85' lang='lat' dir='ltr'><strong>naturam</strong></span> <span class='ocrx_word' id='word_1_163' title='bbox 435 3107 609 3191; x_wconf 76' lang='lat' dir='ltr'><strong>ingentium</strong></span> <span class='ocrx_word' id='word_1_164' title='bbox 633 3104 845 3172; x_wconf 76' lang='lat' dir='ltr'><strong>melienorum</strong></span> <span class='ocrx_word' id='word_1_165' title='bbox 867 3105 919 3172; x_wconf 80' lang='lat' dir='ltr'><strong>uei</strong></span> <span class='ocrx_word' id='word_1_166' title='bbox 935 3105 1088 3171; x_wconf 83' lang='lat' dir='ltr'><strong>malorum</strong></span> 
     </span>
     <span class='ocr_line' id='line_1_24' title="bbox 161 3220 1088 3311; baseline -0.001 -23"><span class='ocrx_word' id='word_1_167' title='bbox 161 3222 343 3311; x_wconf 81' lang='lat' dir='ltr'><strong>quandoque</strong></span> <span class='ocrx_word' id='word_1_168' title='bbox 370 3240 511 3288; x_wconf 82' lang='lat' dir='ltr'><strong>caussam</strong></span> <span class='ocrx_word' id='word_1_169' title='bbox 534 3220 637 3303; x_wconf 77' lang='lat' dir='ltr'><strong>fore?</strong></span> <span class='ocrx_word' id='word_1_170' title='bbox 689 3221 782 3288; x_wconf 88' lang='lat' dir='ltr'><strong>Haud</strong></span> <span class='ocrx_word' id='word_1_171' title='bbox 813 3240 907 3307; x_wconf 87' lang='lat' dir='ltr'><strong>sane,</strong></span> <span class='ocrx_word' id='word_1_172' title='bbox 928 3224 983 3288; x_wconf 89' lang='lat' dir='ltr'><strong>sed</strong></span> <span class='ocrx_word' id='word_1_173' title='bbox 999 3240 1088 3305; x_wconf 89' lang='lat' dir='ltr'><strong>pror·</strong></span> 
     </span>
     <span class='ocr_line' id='line_1_25' title="bbox 159 3323 1087 3422; baseline -0.004 -16"><span class='ocrx_word' id='word_1_174' title='bbox 159 3358 215 3406; x_wconf 85' lang='lat' dir='ltr'><strong>sus</strong></span> <span class='ocrx_word' id='word_1_175' title='bbox 259 3338 364 3421; x_wconf 91' lang='lat' dir='ltr'><strong>prouti</strong></span> <span class='ocrx_word' id='word_1_176' title='bbox 404 3338 492 3406; x_wconf 87' lang='lat' dir='ltr'><strong>dicis.</strong></span> <span class='ocrx_word' id='word_1_177' title='bbox 532 3375 579 3392; x_wconf 92' lang='lat'><em>-</em></span> <span class='ocrx_word' id='word_1_178' title='bbox 617 3323 802 3421; x_wconf 76' lang='lat' dir='ltr'><strong>Philosophi</strong></span> <span class='ocrx_word' id='word_1_179' title='bbox 834 3338 952 3422; x_wconf 82' lang='lat' dir='ltr'><strong>igitur,</strong></span> <span class='ocrx_word' id='word_1_180' title='bbox 996 3357 1087 3418; x_wconf 87' lang='lat' dir='ltr'><strong>quam</strong></span> 
     </span>
     <span class='ocr_line' id='line_1_26' title="bbox 163 3453 1087 3537; baseline -0.005 -15"><span class='ocrx_word' id='word_1_181' title='bbox 163 3455 433 3536; x_wconf 82' lang='lat' dir='ltr'><strong>adumbravimus,</strong></span> <span class='ocrx_word' id='word_1_182' title='bbox 455 3471 588 3535; x_wconf 87' lang='lat' dir='ltr'><strong>natura,</strong></span> <span class='ocrx_word' id='word_1_183' title='bbox 618 3453 647 3519; x_wconf 92' lang='lat' dir='ltr'><strong>si</strong></span> <span class='ocrx_word' id='word_1_184' title='bbox 669 3454 791 3535; x_wconf 90' lang='lat' dir='ltr'><strong>quidem</strong></span> <span class='ocrx_word' id='word_1_185' title='bbox 814 3454 1004 3537; x_wconf 85' lang='lat' dir='ltr'><strong>disciplinam</strong></span> <span class='ocrx_word' id='word_1_186' title='bbox 1027 3453 1087 3535; x_wconf 87' lang='lat' dir='ltr'><strong>ipsi</strong></span> 
     </span>
     <span class='ocr_line' id='line_1_27' title="bbox 162 3570 1086 3652; baseline -0.005 -13"><span class='ocrx_word' id='word_1_187' title='bbox 162 3572 395 3640; x_wconf 87' lang='lat' dir='ltr'><strong>convenientem</strong></span> <span class='ocrx_word' id='word_1_188' title='bbox 421 3587 509 3637; x_wconf 86' lang='lat' dir='ltr'><strong>nacta</strong></span> <span class='ocrx_word' id='word_1_189' title='bbox 540 3571 656 3652; x_wconf 85' lang='lat' dir='ltr'><strong>fucrit,</strong></span> <span class='ocrx_word' id='word_1_190' title='bbox 689 3589 815 3639; x_wconf 89' lang='lat' dir='ltr'><strong>necesse</strong></span> <span class='ocrx_word' id='word_1_191' title='bbox 840 3585 907 3652; x_wconf 91' lang='lat' dir='ltr'><strong>cst,</strong></span> <span class='ocrx_word' id='word_1_192' title='bbox 933 3570 1086 3651; x_wconf 82' lang='lat' dir='ltr'><strong>arbitror,</strong></span> 
     </span>
     <span class='ocr_line' id='line_1_28' title="bbox 161 3687 1113 3784; baseline -0.005 -28"><span class='ocrx_word' id='word_1_193' title='bbox 161 3709 243 3756; x_wconf 86' lang='lat' dir='ltr'><strong>eam</strong></span> <span class='ocrx_word' id='word_1_194' title='bbox 261 3706 383 3771; x_wconf 89' lang='lat' dir='ltr'><strong>semper</strong></span> <span class='ocrx_word' id='word_1_195' title='bbox 415 3687 607 3769; x_wconf 89' lang='lat' dir='ltr'><strong>proficiendo</strong></span> <span class='ocrx_word' id='word_1_196' title='bbox 644 3690 683 3752; x_wconf 89' lang='lat' dir='ltr'><strong>ad</strong></span> <span class='ocrx_word' id='word_1_197' title='bbox 704 3705 843 3781; x_wconf 81' lang='lat' dir='ltr'><strong>¹omnum</strong></span> <span class='ocrx_word' id='word_1_198' title='bbox 873 3705 908 3750; x_wconf 88' lang='lat' dir='ltr'><strong>se</strong></span> <span class='ocrx_word' id='word_1_199' title='bbox 940 3689 1085 3752; x_wconf 85' lang='lat' dir='ltr'><strong>virtutem</strong></span> <span class='ocrx_word' id='word_1_200' title='bbox 1108 3771 1113 3784; x_wconf 38' lang='grc' dir='ltr'>Ι</span> 
     </span>
     <span class='ocr_line' id='line_1_29' title="bbox 160 3800 1087 3887; baseline -0.006 -17"><span class='ocrx_word' id='word_1_201' title='bbox 160 3805 336 3887; x_wconf 82' lang='lat' dir='ltr'><strong>explicare3</strong></span> <span class='ocrx_word' id='word_1_202' title='bbox 371 3801 419 3866; x_wconf 90' lang='lat' dir='ltr'><strong>sin</strong></span> <span class='ocrx_word' id='word_1_203' title='bbox 453 3820 527 3867; x_wconf 87' lang='lat' dir='ltr'><strong>vero</strong></span> <span class='ocrx_word' id='word_1_204' title='bbox 559 3802 592 3866; x_wconf 91' lang='lat' dir='ltr'><strong>in</strong></span> <span class='ocrx_word' id='word_1_205' title='bbox 624 3820 799 3884; x_wconf 86' lang='lat' dir='ltr'><strong>perversam</strong></span> <span class='ocrx_word' id='word_1_206' title='bbox 824 3800 984 3879; x_wconf 87' lang='lat' dir='ltr'><strong>inciderit,</strong></span> <span class='ocrx_word' id='word_1_207' title='bbox 1011 3816 1087 3866; x_wconf 85' lang='lat' dir='ltr'><strong>tam·</strong></span> 
     </span>
     <span class='ocr_line' id='line_1_30' title="bbox 162 3918 1086 4001; baseline -0.002 -17"><span class='ocrx_word' id='word_1_208' title='bbox 162 3939 253 4000; x_wconf 90' lang='lat' dir='ltr'><strong>quam</strong></span> <span class='ocrx_word' id='word_1_209' title='bbox 284 3921 316 3985; x_wconf 89' lang='lat' dir='ltr'><strong>in</strong></span> <span class='ocrx_word' id='word_1_210' title='bbox 347 3918 474 3985; x_wconf 86' lang='lat' dir='ltr'><strong>alienam</strong></span> <span class='ocrx_word' id='word_1_211' title='bbox 504 3918 683 4001; x_wconf 82' lang='lat' dir='ltr'><strong>regionem,</strong></span> <span class='ocrx_word' id='word_1_212' title='bbox 713 3918 930 4001; x_wconf 86' lang='lat' dir='ltr'><strong>disciplinam,</strong></span> <span class='ocrx_word' id='word_1_213' title='bbox 951 3920 989 3984; x_wconf 94' lang='lat' dir='ltr'><strong>ad</strong></span> <span class='ocrx_word' id='word_1_214' title='bbox 1009 3936 1086 3999; x_wconf 36' lang='lat' dir='ltr'><strong>cour</strong></span> 
     </span>
     <span class='ocr_line' id='line_1_31' title="bbox 159 4032 1085 4116; baseline -0.001 -15"><span class='ocrx_word' id='word_1_215' title='bbox 159 4036 249 4103; x_wconf 88' lang='lat' dir='ltr'><strong>traria</strong></span> <span class='ocrx_word' id='word_1_216' title='bbox 277 4036 379 4102; x_wconf 78' lang='lat' dir='ltr'><strong>omma</strong></span> <span class='ocrx_word' id='word_1_217' title='bbox 410 4035 584 4104; x_wconf 83' lang='lat' dir='ltr'><strong>delabitur:</strong></span> <span class='ocrx_word' id='word_1_218' title='bbox 618 4034 679 4100; x_wconf 83' lang='lat' dir='ltr'><strong>uisi</strong></span> <span class='ocrx_word' id='word_1_219' title='bbox 705 4032 789 4102; x_wconf 88' lang='lat' dir='ltr'><strong>forte</strong></span> <span class='ocrx_word' id='word_1_220' title='bbox 814 4037 950 4104; x_wconf 87' lang='lat' dir='ltr'><strong>Deorum</strong></span> <span class='ocrx_word' id='word_1_221' title='bbox 971 4035 1085 4116; x_wconf 85' lang='lat' dir='ltr'><strong>aliquis</strong></span> 
     </span>
    </p>

    <p class='ocr_par' dir='ltr' id='par_1_9' title="bbox 558 4165 1085 4217">
     <span class='ocr_line' id='line_1_32' title="bbox 558 4165 1085 4217; baseline -0.002 1"><span class='ocrx_word' id='word_1_222' title='bbox 558 4168 561 4172; x_wconf 72' lang='grc'><strong>’</strong></span> <span class='ocrx_word' id='word_1_223' title='bbox 1019 4165 1085 4217; x_wconf 67' lang='lat' dir='ltr'><strong>edm</strong></span> 
     </span>
    </p>
   </div>
   <div class='ocr_carea' id='block_1_9' title="bbox 0 0 1453 5168">
    <p class='ocr_par' dir='ltr' id='par_1_10' title="bbox 0 0 1453 5168">
     <span class='ocr_line' id='line_1_33' title="bbox 0 0 1453 5168; baseline 0 0"><span class='ocrx_word' id='word_1_224' title='bbox 0 0 1453 5168; x_wconf 95' lang='lat' dir='ltr'><strong> </strong></span> 
     </span>
    </p>
   </div>
  </div>
 </body>
</html>
