2896 5168
566 530 609 545 ..
627 512 692 575 ,η
713 528 759 545 ..

193 671 383 739 incivitate
417 690 507 737 suum
541 689 700 754 perageret
730 672 885 754 officium,
929 675 980 744 l.e
1026 674 1125 752 illud,

192 791 230 853 ad
251 792 336 871 quod
358 804 450 870 aptus
472 793 580 853 natura
600 803 630 852 et
651 787 716 853 fere
739 805 830 854 natus
852 805 954 868 esset,
977 807 1125 870 enseque·

185 921 298 983 retur,
338 924 401 969 non
423 923 519 985 vero,
561 920 597 971 ut
620 904 708 986 fere,
749 907 942 988 maximeque
963 907 1121 985 Athenis,

192 1019 304 1102 fiebat,
330 1022 433 1087 omnia
459 1040 590 1100 omues,
613 1037 645 1087 et
673 1022 853 1107 gravissima
881 1026 957 1090 adeo
977 1023 1122 1088 ¹civitatis

190 1152 316 1202 munera
334 1137 448 1221 agresti
469 1138 593 1222 iugenio
617 1140 758 1206 homines
780 1139 969 1206 affectarent.
1011 1142 1121 1224 Itaque

182 1255 299 1320 tradita
334 1255 385 1322 illa
415 1255 602 1321 Phoenicum
632 1256 671 1320 de
703 1256 862 1321 hominum
893 1276 910 1320 e
939 1271 1019 1322 terra
1046 1274 1119 1321 ortu

186 1366 314 1453 fabula,
338 1371 471 1454 primum
502 1392 540 1438 ex
566 1373 651 1439 omni
680 1373 794 1439 civium
822 1391 932 1457 genere
958 1373 990 1439 in
1012 1392 1120 1440 nume·

179 1506 255 1552 *rum
285 1490 476 1569 custodum,
497 1505 563 1554 tum
586 1491 677 1556 etiam
692 1511 717 1554 -e
735 1491 926 1557 custodibus
949 1492 981 1555 in
1009 1509 1118 1556 nume-

184 1621 256 1668 rum
285 1604 517 1687 magistratuum
547 1606 617 1669 illos
650 1605 779 1683 retulit,
820 1624 953 1686 quorum
992 1621 1119 1672 araturae

183 1718 330 1784 nonnihil
361 1721 429 1785 sive
459 1720 576 1802 argenti
619 1720 687 1786 sive
718 1722 783 1786 auri
813 1722 981 1787 admixtum
1014 1739 1117 1789 esseta

186 1851 254 1900 tum
279 1838 450 1918 custodes,
472 1838 664 1918 maximeque
691 1834 817 1902 futuros
847 1839 1034 1920 reipublicae
1059 1857 1117 1922 gu·

186 1951 364 2016 bematores
394 1953 549 2034 exquisita
581 1955 709 2034 quadam
737 1955 934 2020 institutione
962 1956 1114 2035 erudivit,

187 2084 221 2132 ut
251 2068 422 2134 libertatem
449 2090 483 2134 ac
515 2072 646 2135 salutem
676 2070 791 2135 civium
823 2086 905 2134 recte
938 2086 1111 2136 tuerentur.

186 2189 282 2252 Porro
308 2187 347 2251 de
371 2184 508 2252 ferendis
535 2185 681 2273 legibus,
712 2187 750 2251 de
783 2187 892 2268 poenis
919 2185 1113 2253 constituen-

182 2306 253 2384 dis,
274 2304 312 2369 de
338 2303 496 2387 judicibus
525 2304 664 2370 creandis
691 2319 746 2368 aut
773 2305 919 2368 ornandis
948 2303 1113 2368 tribunali·

184 2419 266 2497 bus,
287 2421 325 2486 de
343 2420 393 2484 his
406 2421 580 2500 omnibus,
603 2419 722 2498 fatcor,
745 2439 808 2484 non
830 2421 1006 2503 singulatim
1027 2421 1109 2504 egit:

181 2535 287 2599 uoluit
310 2538 387 2602 adeo
418 2537 449 2601 in
486 2537 559 2601 haec
589 2539 728 2619 singula,
759 2539 918 2618 quomodo
941 2539 1135 2625 essertin.

181 2651 348 2730 struenda,
379 2650 553 2730 inquirere:
600 2653 686 2730 quod
716 2653 802 2735 lapan
829 2656 944 2733 τέμνειν
975 2655 1111 2735 appella·

185 2768 248 2833 bat.
271 2764 312 2833 (¹)
354 2766 565 2831 Veruntamen
594 2769 669 2830 tales
699 2767 759 2830 sibi
787 2767 949 2830 videbatur
976 2786 1006 2832 et
1037 2788 1109 2831 cus·

180 2883 272 2948 tudes
303 2862 338 2947 ¹et
375 2881 571 2963 magistratus
602 2900 671 2945 cum
711 2883 863 2965 elegisse,
895 2899 960 2947 tum
990 2885 1109 2949 artibus

181 2999 419 3082 disciplinisque
443 2997 647 3078 informasse,
672 3002 779 3081 quales
804 3001 854 3065 his
884 3000 1014 3083 singulis
1041 3003 1112 3067 uui·

183 3115 347 3198 uersisque
366 3111 484 3198 optime
500 3116 727 3198 prospicerent.
773 3115 833 3180 ilis
851 3116 1002 3197 peractis,
1024 3117 1110 3198 priu-

179 3231 262 3314 cipia
285 3229 345 3295 sibi
368 3230 455 3296 visua
478 3246 526 3295 est
544 3231 732 3308 tradidisse,
767 3246 799 3294 ut
822 3232 906 3314 justa
930 3245 1012 3294 esset
1033 3229 1112 3294 civi·
1211 3215 1218 3227 ’

183 3362 243 3413 tas.
287 3347 356 3412 Nee
384 3367 458 3412 vero
488 3347 565 3412 illud
593 3346 625 3410 in
653 3348 708 3412 hac
736 3367 768 3410 re
790 3346 954 3429 judicanda
977 3360 1112 3428 praeter·

179 3465 365 3545 mittamus,
389 3466 474 3546 quod
497 3465 595 3529 verbo
615 3467 675 3549 jam
698 3465 875 3547 attigimus,
888 3465 1037 3548 justitiae
1053 3482 1111 3530 no·

176 3583 297 3649 tionem
325 3602 380 3665 per
409 3601 530 3647 omnem
558 3581 792 3663 antiquitatem,
824 3599 880 3645 nec
903 3583 1005 3646 minus
1027 3584 1110 3664 apud

177 3701 342 3777 Graecos,
376 3717 466 3779 quam
494 3699 577 3780 apud
604 3713 710 3781 gentes
738 3694 924 3774 orientales,
954 3715 1025 3762 cnm
1048 3719 1110 3763 mo·

184 3821 281 3897 ralis,
324 3836 415 3901 quam
439 3834 610 3892 vocamus,
647 3815 843 3901 perfectiones
874 3812 1002 3879 notione
1034 3834 1111 3878 con·

1018 3934 1109 4016 jurat»

210 4080 257 4148 Ι(ι)
277 4084 397 4151 DaBep.
417 4076 470 4132 iv.
492 4079 551 4132 4²6.
573 4077 605 4131 E·
