2896 5168
626 525 669 557 ι·-
688 514 798 586 93-ι

250 699 447 768 monstrare,
467 684 616 749 hominem
638 682 732 747 talem
754 683 890 768 reperiri
904 686 1016 770 poste?
1037 719 1097 766 -,
1113 683 1180 750 Ne·

254 820 407 886 quaquam
426 800 583 882 equidem.
604 835 649 851 -
678 796 765 883 Quid
786 796 907 882 igitur?
944 815 1049 863 nonne
1069 811 1101 864 et
1120 817 1181 865 nos

254 914 535 1000 praestantissimae
557 911 693 980 ciuitatis
721 914 878 995 exemplar
901 912 1041 980 oratione
1065 914 1187 980 effinxi-

257 1032 355 1098 musi
376 1068 423 1084 -
445 1030 598 1097 Omnino.
620 1068 663 1083 -
684 1030 736 1096 An
762 1028 857 1113 igitur
883 1030 987 1095 minus
1015 1045 1099 1096 recte
1124 1048 1185 1096 nos

256 1148 346 1231 ioqui
366 1147 545 1228 existimas,
568 1146 595 1212 si
615 1148 778 1212 ostendere
797 1164 862 1212 nou
882 1166 1074 1229 possumus,
1097 1149 1188 1215 talem

258 1281 378 1333 exstare
400 1284 494 1349 posse
516 1265 693 1346 civitatem,
716 1266 838 1346 qualem
867 1265 939 1349 ipso
970 1283 1114 1331 sermone
1137 1265 1191 1332 de·

258 1381 445 1464 piuximusi
466 1417 512 1435 ·-
544 1379 639 1447 Haud
665 1398 738 1446 sane
775 1380 817 1452 (¹)
883 1381 945 1447 Sed
972 1380 1082 1461 Plato,
1105 1383 1192 1463 quod

258 1499 304 1565 ab'
326 1498 416 1565 initio
448 1497 661 1578 attendimus,
693 1514 759 1562 non
788 1498 850 1562 hoc
883 1498 1038 1581 spectauit
1067 1498 1194 1566 civitate

224 1696 228 1703 ,
259 1615 404 1699 fingenda
433 1616 579 1698 proprie,
622 1628 658 1678 ut
698 1608 865 1694 perfectam
898 1613 991 1678 nobis
1029 1613 1194 1696 imaginem

263 1733 437 1812 quandam,
470 1745 626 1809 tamquam
655 1725 780 1793 Phidiae
807 1727 964 1809 siguum,
997 1731 1193 1810 spectandam

200 1855 205 1864 “
263 1844 446 1930 praeberet,
478 1844 534 1908 sed
563 1843 640 1908 illud
670 1843 895 1925 potissimum,
928 1856 964 1908 ut
984 1824 1050 1910 ‘nos
1074 1845 1136 1927 ipsi
1162 1846 1196 1914 in
1236 1927 1238 1930 ¹

264 1963 402 2047 perfecta
427 1959 555 2026 ciuitate
580 1959 834 2042 exquireremus,
856 1960 981 2027 ubinam
1002 1964 1109 2032 lateret
1128 1967 1199 2051 jus·

266 2077 358 2159 titia,
382 2076 542 2158 indeque,
565 2075 642 2157 quid
662 2075 785 2142 tandem
806 2090 888 2142 esset
906 2077 1049 2162 justitia,
1067 2079 1200 2148 efficere·

265 2214 351 2261 tuus.
395 2194 556 2260 Habemus
578 2192 715 2274 iccirco,
738 2193 824 2275 quod
837 2212 926 2259 nunc
947 2196 1097 2281 deinceps·
1113 2218 1199 2281 pera.

267 2331 398 2399 gamus,
431 2308 649 2377 suavissimum
689 2309 869 2391 negotium:
911 2310 1070 2379 videamus
1102 2336 1195 2400 vero,
1225 2370 1229 2386 .

270 2431 527 2518 quemadmodum
551 2429 630 2494 hauc
657 2425 908 2510 disquisitionem
938 2449 1009 2497 cum
1034 2432 1200 2503 Glaucone

270 2565 302 2617 et
330 2550 499 2618 Adimanto
532 2544 745 2625 caeterisque,
788 2545 845 2626 qui
873 2550 1020 2630 aderant,
1052 2541 1201 2626 'instituat
1304 2635 1310 2647 ,

273 2668 429 2735 Socrates.

489 2936 491 2940 ι
562 2889 739 2962 Ubinam
771 2894 917 2965 latere

316 3019 359 3081 in
385 3017 593 3093 ciuitate,
624 3015 892 3101 maximeque
922 3020 1162 3094 innomine

463 3129 690 3213 justitiam
725 3132 1017 3231 suspicemur?

320 3363 372 3432 Sic
405 3363 500 3447 igitur
528 3363 692 3442 Socrates,
727 3363 899 3432 constituta
930 3388 1005 3453 ergo
1033 3375 1095 3458 jam
1126 3379 1205 3464 tibi,

222 3507 227 3517 ·
275 3501 298 3548 ο
316 3481 476 3596 Aristonis
488 3481 554 3562 fili,
575 3480 616 3545 sit
636 3481 761 3550 civitas.
804 3483 899 3549 Nunc
918 3501 1020 3580 autem
1042 3492 1206 3582 deinceps,

278 3619 355 3684 age,
379 3599 493 3665 lumine
518 3615 676 3676 accenso,
698 3597 819 3679 etipse
844 3598 916 3664 vide
945 3617 976 3665 et
1005 3602 1130 3676 fratrem
1154 3613 1208 3678 ad·

1153 3749 1210 3797 νῦ·
1280 3767 1284 3773 ’

316 3887 358 3956 (ι)
378 3885 502 3952 venep.
520 3880 557 3934 V.
574 3883 635 3953 ⁴7²·
647 3881 683 3932 Ι).
703 3881 769 3950 quid
787 3883 935 3950 profecerit
956 3902 988 3937 ex
1009 3888 1139 3947 hocloco
1158 3898 1211 3961 Ci.

282 3974 398 4035 cero'ad
420 3983 567 4049 perfectura
588 3981 764 4049 effingendam
789 3990 949 4054 oratorem,
975 4004 1057 4055 snpra
1084 3994 1210 4049 animari.

286 4086 423 4135 vertimus.
462 4081 525 4134 vot.
539 4081 579 4134 ll·
598 4081 627 4137 Ρ.
640 4079 698 4134 111.
715 4097 794 4149 paq.
