2896 5168
625 524 823 590 ...177-

245 692 391 773 sendere.
435 691 524 773 Nes,
559 697 617 777 qui
638 694 798 776 sequimur
815 682 1018 777 probabilia,
1055 707 1109 754 nee
1134 685 1182 755 αἱ·

251 826 317 872 tra
333 808 370 873 id
392 809 476 897 quod
502 810 670 874 uerisimile
697 810 893 888 accurrerit,
907 805 1059 894 progredi
1079 825 1184 892 poeste·

252 943 336 1005 mus,
354 940 384 989 et
409 925 552 1008 refellere
569 929 633 990 sine
652 927 832 1011 pertinacia
847 939 878 989 et
897 924 1002 1006 refelli
1029 925 1094 987 sine
1113 925 1186 986 ira-

248 1037 369 1103 cundia
387 1044 501 1126 puran'
527 1061 631 1105 sumus
647 1039 702 1103 (ι).
747 1039 875 1104 Praebet
900 1038 974 1104 item
1005 1036 1078 1103 haec
1103 1037 1183 1102 ratio

252 1152 439 1220 uberrimam
469 1173 538 1220 cum
566 1153 777 1236 cognoscendi
806 1169 872 1219 turn
908 1153 1093 1237 disputandi
1117 1172 1183 1219 ma·

254 1269 384 1351 teriam,
408 1271 527 1352 quippe
546 1288 610 1334 nou
634 1269 770 1338 coercita
798 1271 1043 1356 dogmaticorum
1067 1287 1182 1355 angus·

252 1386 325 1465 tiis,
357 1387 414 1452 sed
442 1385 538 1451 libere
567 1386 599 1450 in
630 1405 739 1452 omnes
770 1403 876 1469 partes
905 1387 1089 1470 inquirensz
1114 1403 1178 1467 quo

248 1498 374 1569 nomine
407 1519 441 1565 se
475 1501 548 1566 item
587 1502 821 1569 commendabat
854 1503 1028 1586 Ciceroni,
1072 1521 1183 1586 quam·

248 1619 341 1698 quim
371 1617 475 1698 ipsum
505 1616 547 1681 rei
580 1617 744 1684 difficultas
772 1637 837 1684 non
867 1621 990 1693 latebat.
1033 1621 1123 1687 Nam
1151 1623 1182 1687 si

250 1732 388 1817 singular
414 1724 619 1817 disciplinas,
649 1732 715 1813 ait,
754 1737 912 1820 percipere
939 1755 1086 1818 magnum
1112 1749 1180 1818 eet,

251 1862 368 1930 quanto
391 1846 490 1934 majus
528 1855 648 1916 omnes!
671 1846 755 1935 quod
778 1847 887 1930 faeere
906 1851 946 1913 iis
973 1868 1087 1913 necesse
1112 1862 1179 1928 est,

135 2038 141 2053 ·
252 1959 361 2047 quibus
385 1967 571 2048 propositum
597 1980 666 2044 est,
707 1968 777 2028 teri
805 1962 981 2052 reperiendi
1009 1962 1124 2029 causttl
1146 1977 1180 2030 et

251 2095 362 2143 cantra
379 2099 478 2144 omnes
494 2081 681 2164 philosophos
703 2095 733 2145 et
748 2097 807 2166 pro
819 2081 965 2161 ,omnibus
986 2079 1109 2164 dicere;
1126 2102 1181 2147 cu-

242 2196 301 2276 jus
330 2197 377 2258 rei
405 2208 515 2258 tantae
537 2211 663 2278 tamque
684 2193 815 2280 de'fficilis
830 2197 1023 2278 facultatem
1041 2215 1182 2262 consecte-

253 2327 320 2376 tum
352 2329 413 2375 esse
438 2331 484 2372 me
518 2330 577 2373 non
599 2306 775 2398 profitear,
796 2325 930 2374 secutum
955 2331 1016 2375 esse
1031 2327 1113 2397 prae
1132 2330 1181 2374 me
1275 2316 1278 2321 ’

243 2428 318 2509 fero
343 2427 401 2491 (2).
446 2426 563 2492 Verum
590 2425 693 2495 eadem
721 2425 832 2491 haecce
851 2424 923 2504 via,
947 2424 1089 2505 quamvis
1111 2443 1180 2490 om·

252 2543 360 2622 nium,
401 2558 436 2608 ut
464 2543 589 2612 videtur
600 2590 615 2633 2,
654 2542 685 2607 iu
717 2542 971 2626 philosophando
998 2540 1181 2624 tutissima,

250 2660 399 2742 proclivis
425 2662 585 2726 tamen'od
614 2659 815 2735 dubitandum
834 2675 895 2726 est.
940 2661 1044 2746 Quod‘
1066 2679 1106 2724 ex
1120 2660 1182 2726 Ar·

247 2777 359 2844 cesilae
377 2779 647 2860 recentiorumque
674 2779 930 2846 Academicorum
958 2779 1102 2863 exemplo
1130 2777 1180 2845 in·

251 2895 420 2978 colligitur,
459 2897 516 2977 qui
545 2897 617 2960 hinc
652 2898 809 2977 profecti,
841 2897 873 2963 in
903 2912 1069 2965 extremam
1099 2897 1180 2980 lapsi

250 3009 412 3075 dubitandi
430 3009 583 3072 audaciam
606 3025 640 3068 ac
660 3010 862 3073 temeritatem
886 3008 1027 3075 fuerunt.
1051 3009 1181 3076 Ouala·

249 3125 345 3186 ticam
358 3118 555 3184 Academiam
567 3121 735 3187 lexclamat
746 3120 860 3185 Cicero
871 3165 883 3198 ,
895 3122 932 3184 ud
948 3121 1089 3185 Atticum
1104 3123 1181 3187 scri·

255 3237 331 3301 bens
345 3282 357 3317 ‚
373 3234 457 3302 modo
474 3237 533 3300 leuc
552 3234 636 3301 modo
657 3236 802 3301 illuc(³).
822 3237 864 3301 Et
888 3234 920 3300 in
941 3234 1028 3299 libris
1038 3234 1078 3298 de
1095 3235 1181 3300 Fini·

255 3346 315 3420 bus
327 3400 339 3433 ,
351 3374 420 3418 cum
442 3351 656 3432 Academicis,
677 3352 875 3432 ait,ineerta
897 3353 1028 3419 luctatio
1048 3367 1111 3433 est,
1123 3355 1180 3440 qul

253 3471 335 3534 nileil
361 3471 518 3556 affirmant
550 3486 579 3534 et
607 3474 698 3556 qtcasi
729 3469 897 3555 desperata
923 3471 1093 3557 cognitione
1111 3492 1180 3537 cer·

251 3589 299 3666 ti,
333 3584 370 3651 id
393 3585 520 3662 uolunt,
550 3586 748 3674 quodcunque
776 3590 943 3652 uerisimile
967 3587 1097 3666 ridetur,
1119 3590 1177 3663 (4).

254 3703 299 3770 Et
327 3702 400 3767 licet
425 3700 495 3780 quis
512 3715 601 3765 caute
627 3703 683 3768 hac
711 3702 829 3769 ratione
852 3702 1118 3787 philosophetur,
1141 3720 1178 3771 ut

635 3810 642 3825 '
1125 3821 1182 3889 cr.

292 3995 334 4076 (r)
351 3995 410 4052 Cic.
426 3998 508 4048 Tunc.
531 3999 646 4066 Quaeri.
670 3997 711 4051 11.
728 4015 754 4051 2·
823 3998 864 4069 (ι)
884 3999 926 4053 ld.
953 4001 986 4054 de
1004 4006 1072 4055 erat.
1090 4002 1179 4057 Dear·

242 4094 326 4155 ue.
385 4093 826 4165 re)1u·eeuuu.x111.2t.
887 4098 1178 4170 (unammiter

710 4199 750 4268 M
