2896 5168
754 478 925 544 Ι··94““

376 668 454 715 voca
473 663 506 712 et
526 642 757 714 Polemrrchum
785 653 819 709 et
844 651 1009 718 caeteros,
1036 651 1115 703 num
1135 632 1219 703 forte
1237 652 1306 703 ecr-

376 782 516 842 namus,
530 760 661 835 ubinam¹
676 757 718 825 sit
739 756 861 823 tandem
882 753 1030 840 justitio,
1049 751 1238 834 ubimuque
1256 751 1307 819 in-

369 870 506 962 justitiae
538 867 631 951 ¹quid
656 865 737 931 inter
765 877 929 945 utramque
952 859 1140 942 discriminis
1169 861 1255 939 site,
1272 873 1307 926 ct

372 1003 472 1071 utram
495 982 629 1069 *assequi
658 982 686 1046 is
717 980 849 1060 debeat,
883 979 938 1061 qui
966 978 1076 1045 beatus
1103 974 1234 1057 futurus
1262 977 1308 1044 cit

371 1102 440 1171 sive
467 1103 560 1183 lateqt
580 1119 637 1166 seu
664 1115 729 1191 non
755 1097 848 1162 lateat
876 1113 987 1161 omnes
1013 1096 1108 1169 Deos
1121 1107 1220 1175 etque
1240 1093 1305 1161 ho·

370 1220 483 1308 mines.
500 1294 504 1299 ,
523 1216 608 1283 Tum
620 1213 885 1297 Glauco‚·nihil‚
906 1210 1030 1294 inquit,
1050 1210 1148 1279 dicise
1171 1209 1304 1287 tueninr

370 1335 439 1418 ipse
461 1331 666 1418 investigandi
691 1329 852 1414 negotium
873 1328 1062 1411 suscepisti:
1086 1327 1210 1412 qnippe
1228 1345 1303 1398 cnm

369 1450 502 1539 impium
529 1448 613 1516 foret
636 1467 702 1515 nou
724 1465 905 1515 succurrere
929 1445 1091 1532 justiore,
1112 1447 1303 1532 quocdcjue

370 1566 438 1659 fieri
462 1566 585 1651 possit,
609 1566 820 1649 qualicunque
839 1563 960 1630 tandem
982 1563 1114 1631 ratione.
1135 1598 1183 1616 -
1201 1562 1303 1639 Recte

370 1704 479 1777 mones
508 1700 540 1750 et
571 1684 617 1750 sic
649 1683 824 1751 faciendum
848 1681 1016 1775 nominoe
1039 1700 1100 1747 vos
1125 1696 1227 1749 auten
1252 1700 1304 1751 me

367 1803 511 1894 udjuvtre
530 1815 678 1888 oportet.
710 1836 757 1852 -
798 1800 869 1867 Nos
907 1818 984 1866 vero
1015 1799 1058 1865 itt
1089 1817 1229 1884 agemus.
1251 1832 1301 1859 ·-.

367 1919 468 2013 Spero
488 1934 590 2004 eutem
610 1916 703 1999 fore,
726 1931 764 1983 ut
786 1916 834 1982 sic
852 1915 931 1982 illud
955 1915 1163 1983 inveniemus.
1204 1915 1305 1985 Ncm-

366 2053 408 2117 pe
427 2034 582 2121 arbitror,
613 2033 789 2115 civitatem,
823 2033 853 2100 si
881 2049 965 2100 recte
992 2034 1086 2100 nobis
1110 2033 1207 2102 fuerit
1225 2050 1305 2103 con·

367 2149 499 2237 stitutc,
519 2147 693 2234 perfectum
723 2150 757 2215 in
786 2153 913 2219 modum
942 2151 1056 2218 bonaur
1081 2153 1236 2226 suturam.
1252 2148 1328 2209 -'

367 2269 507 2359 Necesse
526 2282 587 2333 est.
598 2303 643 2349 -‚-
673 2267 808 2335 Constet
826 2268 922 2351 igitur
939 2269 1077 2339 futurem
1094 2290 1160 2337 ecrn
1178 2273 1301 2359 sapien,-

367 2362 447 2468 iem,
457 2385 594 2472 sortem,
614 2400 835 2474 temperantem
847 2400 879 2452 et
888 2387 1078 2471 justam-
1096 2389 1300 2459 Constat.-

367 2508 485 2574 Nonne
502 2506 531 2571 si
552 2505 631 2588 quid
654 2505 779 2572 illorum
802 2504 836 2572 in
856 2524 892 2573 ea
912 2507 1138 2590 repererimus,
1158 2507 1193 2575 id
1210 2509 1300 2591 quod

368 2625 520 2706 reliquum
553 2640 599 2689 est
627 2624 705 2689 illud
733 2624 813 2705 erit,
844 2624 931 2705 quod
962 2624 1100 2690 nondum
1127 2623 1226 2693 fuerit·
1249 2644 1299 2696 re·
1407 2684 1411 2689 .

367 2741 517 2824 percum?
539 2775 587 2794 -
612 2741 758 2827 Quidni?
780 2777 823 2795 -
854 2741 915 2807 Uti
940 2755 1042 2807 eutem
1075 2742 1106 2807 in
1129 2743 1300 2828 omnibus,

370 2877 449 2939 quae
474 2872 614 2947 quatuor
648 2876 778 2923 numero
814 2872 911 2938 sunt,
942 2856 972 2924 si
996 2872 1106 2923 'unum
1139 2878 1301 2941 quaerere·

369 2993 465 3054 mus,
497 2974 527 3041 si
551 2975 630 3040 iilud
656 2973 809 3043 continuo
839 2973 1088 3056 reperissemus,
1120 2975 1296 3046 sufficeret:

370 3089 485 3171 quodsi
511 3090 569 3156 trie
593 3091 815 3173 reperissemus
845 3091 1006 3173 priorum,
1037 3095 1098 3158 hoc
1126 3093 1197 3176 ipso
1224 3112 1301 3178 cog·

330 3180 333 3189 ¹
367 3222 550 3272 nosceretur
578 3206 675 3287 illud,
713 3196 801 3289 quod
834 3227 1070 3290 quaereremus:
1121 3227 1186 3275 non
1216 3210 1299 3278 enim

368 3324 452 3390 eliud
474 3305 579 3403 esset,
602 3324 677 3421 nisi'
690 3323 745 3406 id,
767 3328 853 3407 quod
880 3341 1022 3393 restaret.
1043 3363 1091 3378 -·
1130 3327 1232 3394 Probe
1251 3330 1301 3396 lo·

366 3441 485 3526 queris.
514 3478 561 3495 ·-
602 3442 651 3506 De
681 3441 731 3506 his
763 3440 991 3524 igitur‚⁸quoe
1013 3458 1299 3526 quatuor-nurnero

367 3574 465 3640 sunt,
487 3575 593 3623 nonne
608 3557 676 3640 pari
692 3571 740 3621 est
755 3555 849 3621 nobis
866 3557 985 3622 ratione
1005 3559 1233 3638 quaerendum?
1250 3587 1297 3608 -

367 3678 464 3743 Vero.
487 3711 534 3727 -
585 3675 686 3756 Atqui
709 3673 841 3756 primum
863 3674 940 3740 mihi
962 3675 1084 3741 inistis
1107 3676 1229 3743 videtur
1247 3697 1300 3744 sa·

364 3796 485 3880 pientio
506 3795 639 3858 elucere.
658 3788 700 3859 (Ι)

1211 3907 1304 3975 Ubi-

405 4060 446 4128 (ι)
465 4059 588 4124 venep.
607 4053 772 4124 ωηο.
784 4055 930 4109 ..stou
