2896 5168
644 369 798 430 ...8-

257 545 476 632 quaestionesa
524 559 589 614 erat
617 546 691 631 illa,
731 559 769 615 ut
801 546 895 619 noble
932 547 1026 613 modo
1058 541 1184 628 patuit,

254 663 411 728 institutio
429 661 577 744 demittis,
608 663 738 730 dumiah
766 677 860 744 erat,
900 675 936 728 ut
966 679 1073 745 sapere
1101 672 1187 727 recte

257 777 390 845 disceret
409 794 505 862 atque
524 779 581 845 has
601 777 755 864 explicare
775 778 975 861 quaestiones
999 777 1082 844 haud
1101 773 1188 843 irus·

254 911 304 961 tra
320 898 491 978 niteretur,
513 894 559 962 ad
576 899 742 963 ueritatem
761 898 930 962 conversio.
981 894 1070 961 Hanc
1091 892 1186 978 igitur

254 1012 507 1097 philosophiam,
529 1030 609 1093 quae
634 1011 677 1076 ita
707 1026 846 1093 sponte,
867 1012 939 1093 ipsa
958 1026 1085 1078 naturae
1101 1009 1135 1077 vi
1153 1022 1188 1076 et

255 1127 396 1194 ubertate
423 1124 574 1192 et'unice
597 1125 741 1209 profecto
766 1127 805 1191 ad
826 1128 1026 1193 excolendum
1047 1127 1187 1210 penitus·

255 1262 319 1324 que
340 1241 542 1309 erudiendum
576 1258 675 1324 genus
703 1241 862 1309 hominum
889 1241 921 1307 in
947 1242 1078 1307 Graecia
1103 1242 1186 1306 efflo-

254 1357 339 1439 ruit,
369 1358 507 1425 Platonis
535 1375 638 1425 autem
660 1357 809 1441 ingenio,
837 1357 944 1425 divino
964 1357 1041 1439 illo,
1064 1356 1186 1423 exculta

253 1472 453 1558 perfectaque
475 1489 541 1557 est,
562 1475 663 1556 hanc,
682 1475 832 1558 iuquam,
856 1473 963 1558 quidni
983 1475 1120 1542 scholam
1140 1472 1188 1540 ui.

251 1608 358 1656 camus
389 1591 652 1675 philosophorum
685 1592 851 1676 optimam,
894 1591 1186 1672 instaurandamque

243 1708 311 1792 hac
332 1713 441 1777 nostri
461 1725 558 1778 aetate
578 1709 672 1779 esser
739 1711 924 1780 Faciendum
947 1711 978 1777 id
999 1724 1102 1777 autem
1123 1726 1186 1775 ma·

188 1840 190 1843 ·
250 1827 333 1894 xime
364 1829 397 1894 in
428 1831 577 1914 juvenum
614 1829 740 1910 gratiam
775 1844 951 1890 censemus.
1036 1826 1184 1888 Veterani

252 1943 459 2025 philosophi,
481 1954 642 2022 quotquot
669 1939 793 2020 quidem
818 1938 910 2004 alieni
931 1935 997 2002 fere
1021 1932 1149 2002 fuerunt
1169 1954 1187 2001 a

252 2056 364 2123 studiis
390 2057 477 2122 hisce
501 2074 558 2122 nec
591 2076 608 2121 a
638 2057 743 2121 tenera
768 2053 840 2120 inde
865 2066 964 2119 aetate
984 2053 1062 2119 hanc
1083 2053 1186 2136 philo·

252 2172 406 2254 sophandi
436 2169 585 2237 rationem
607 2171 828 2254 degustarunt,
860 2189 949 2254 aegre
977 2189 1011 2238 se
1041 2171 1121 2237 trahi
1147 2173 1186 2238 ad

237 2291 313 2355 -hos
333 2288 439 2353 fontes
455 2288 623 2370 sapientiae
641 2289 823 2371 patiuntur3
843 2289 973 2373 juvenes
997 2269 1093 2370 vero,
1115 2288 1186 2371 qui·

254 2406 315 2470 bus
343 2409 452 2470 natura
475 2404 557 2469 inest
585 2402 787 2487 philosophia
814 2406 983 2487 quaedam,
1013 2419 1048 2469 ut
1072 2408 1185 2485 semel,

215 2517 216 2521 ’
254 2521 311 2585 lare
341 2520 455 2602 ingenii
490 2519 644 2603 animique
674 2520 870 2602 integritate,
906 2541 954 2587 ,ex
981 2521 1031 2587 his
1061 2536 1187 2588 naturae

253 2634 397 2703 fontibus
428 2637 618 2718 hauserunt,
650 2635 831 2703 incredibile
857 2636 944 2704 dictu
974 2651 1044 2712 est,
1075 2651 1111 2701 ut
1142 2639 1188 2702 vi·
1305 2696 1310 2705 .

256 2769 361 2833 gorem
399 2751 470 2819 inde
509 2754 631 2819 trahant
667 2752 842 2835 continuo,
883 2752 1010 2835 aptique
1042 2752 1186 2837 deinceps

255 2864 331 2940 fiant
351 2866 417 2935 sive
442 2869 481 2935 ad
504 2869 787 2953 philosophandum
815 2869 883 2935 sive
911 2870 950 2936 ad
974 2870 1094 2934 nullum
1121 2888 1185 2936 non

255 2983 366 3052 artium
395 2984 666 3069 doctrinarumque
689 3005 788 3072 genus
818 3000 850 3052 et
876 2986 1041 3052 colendum
1061 3000 1094 3051 et
1113 3005 1186 3071 pro·

259 3099 446 3165 vehendum.
490 3101 585 3184 Quod
609 3118 754 3186 expertus
776 3103 917 3185 equidem
940 3122 996 3187 per
1014 3121 1107 3170 omne
1125 3105 1185 3171 hoc

257 3232 381 3298 tempus
409 3236 499 3296 suut,
545 3236 608 3297 quo
639 3220 868 3304 philosophiam
898 3222 979 3287 illam
1010 3221 1187 3302 uunquam,

259 3331 453 3413 maximeque
472 3332 659 3399 Socraticam
677 3349 708 3399 et
731 3336 916 3402 Platonicam
938 3337 1095 3416 generosis
1113 3335 1187 3402 ado·

258 3450 446 3515 lesceutibus
468 3448 591 3519 tradidi.
646 3452 706 3519 Est
736 3451 817 3519 enim
844 3468 910 3516 non
936 3452 1072 3532 vulgaris
1099 3450 1188 3517 insti·

200 3572 209 3591 ⁹
259 3564 342 3629 tutio
369 3568 517 3648 quaedum
546 3567 746 3650 philosophia
777 3566 829 3636 illa
855 3567 1014 3647 Platonis,
1042 3567 1120 3643 sed,
1152 3580 1188 3629 ut
1285 3591 1289 3600 ·

260 3681 328 3763 ipsa
355 3680 555 3766 philosophia
582 3684 729 3766 appellari
762 3684 845 3765 apud
871 3680 1018 3764 antiquos
1045 3679 1190 3757 solebat,

260 3797 303 3861 ira
327 3797 421 3880 haec,
445 3801 490 3865 uti
515 3798 671 3881 vidimus,
694 3800 805 3866 artium
826 3801 964 3867 omnium
986 3795 1136 3877 majorum
1156 3807 1188 3859 et

261 3910 469 3988 doctrinarum
497 3933 526 3987 et
552 3933 662 4002 parens
690 3932 720 3984 et
744 3918 888 3999 magistra
912 3928 971 3979 est.
1022 3912 1186 3976 imovero

1092 4043 1188 4112 prop.
