2896 5168
763 497 953 561 -rsb-

398 672 471 739 nam
492 673 632 755 exponis
675 673 750 759 Quo
769 690 884 755 sponte
900 678 938 741 ad
958 672 1144 759 reipublicae
1164 675 1323 743 Romanae
1344 740 1350 749 ,

399 789 636 871 descriptionem
660 789 815 871 pervenit.
859 792 941 857 Nam
961 791 1130 877 Polybius,
1153 809 1188 860 ut
1208 813 1226 860 e
1243 794 1325 860 sexti

397 906 468 971 libri
488 905 668 989 fragmentis
689 921 794 989 patet,
818 909 850 972 in
872 910 941 989 ipsa
963 908 1176 975 Romanorum
1202 908 1331 975 civitate

391 1022 512 1114 'optimi
533 1037 632 1088 status
655 1026 827 1105 exemplum
851 1024 1002 1107 reperisse
1020 1025 1082 1090 sibi
1101 1015 1325 1093 visus'fuerat.

399 1139 493 1206 Hunc
522 1139 615 1221 igitur
637 1140 668 1204 in
690 1140 775 1205 bisce
800 1157 927 1208 secutus
950 1142 1084 1222 Cicero,
1107 1161 1178 1208 cum
1196 1143 1326 1211 mixtum

328 1332 333 1347 ι
400 1255 561 1338 imperium
590 1246 716 1321 caeteris
742 1255 877 1322 civitatis
900 1257 1066 1340 generibus
1086 1257 1237 1340 praefert,
1261 1274 1328 1327 tum

329 1357 331 1361 ¹
393 1375 502 1437 locum
535 1373 620 1437 illum
650 1375 690 1439 de
726 1372 885 1439 Romanae
921 1373 1109 1457 reipublicae
1145 1374 1334 1456 praestantia·

399 1485 471 1555 fuse
503 1503 535 1556 et
561 1490 663 1556 deditd
692 1493 788 1571 operll
814 1503 938 1556 tractat.
1003 1491 1040 1556 In
1066 1491 1150 1555 hisce
1183 1489 1329 1555 omnibus

400 1605 453 1672 vix
472 1605 642 1687 quidquam
665 1605 822 1687 occurrit,
846 1606 932 1686 quod
951 1605 1089 1673 Platonis
1106 1605 1199 1671 nobis
1219 1603 1329 1671 referat

400 1722 573 1789 Politiam:
613 1723 779 1804 Polybium
812 1721 958 1804 exprimit
987 1722 1124 1803 Cicero,
1144 1737 1209 1785 tum
1237 1721 1328 1786 etium

400 1847 436 1905 et'
448 1839 543 1906 Ennii
570 1855 602 1903 et
623 1858 697 1904 vero
716 1841 848 1908 Catonis
871 1840 1037 1905 sententias
1059 1839 1211 1922 explicata
1235 1840 1328 1924 buius

400 1970 502 2020 autem
541 1955 601 2020 hoc
636 1957 767 2022 maxime
793 1957 927 2021 celebrat
957 1957 996 2020 de
1028 1957 1170 2022 Romanu
1204 1954 1330 2020 civitate

402 2067 553 2149 effatum,
592 2089 655 2134 non
690 2072 782 2135 unius
816 2087 879 2135 eam
915 2071 1053 2136 hominis
1085 2071 1231 2155 ingenio,
1275 2073 1330 2138 sod

401 2189 592 2260 multorum,
614 2204 671 2250 nec
694 2191 754 2250 und
777 2185 911 2250 bominis
930 2185 1017 2265 viad,
1039 2188 1094 2252 sed
1105 2187 1235 2268 aliquot
1254 2206 1331 2255 con·

402 2303 540 2369 stitutum
570 2304 700 2369 saeculis
734 2317 766 2367 et
798 2301 950 2367 aetatibus
980 2301 1089 2372 fuisse.
1158 2303 1258 2384 Nam,
1294 2318 1331 2370 ut

402 2397 616 2502 descripturus
643 2420 721 2483 hunc
744 2419 962 2499 rempublicam
996 2433 1066 2497 est,
1099 2420 1151 2484 illa
1176 2421 1330 2487 dicentem

403 2536 580 2616 Scipionem
611 2535 696 2601 facit.
760 2535 885 2602 Catonis
906 2538 960 2602 baa
979 2539 1057 2603 scuit
1077 2552 1141 2614 cst,
1163 2557 1272 2622 quem,
1294 2551 1332 2602 us

402 2657 507 2732 scitis,
529 2658 617 2718 unice
637 2653 735 2719 dilexi
754 2656 948 2738 maximeque
969 2672 1036 2719 sum
1061 2650 1257 2731 admiratus,
1277 2654 1332 2716 cul
1351 2726 1357 2732 ,

404 2771 455 2835 uel
473 2774 579 2858 patris
605 2774 769 2854 utriusque
782 2768 929 2852 judicio,
950 2763 1115 2834 ueletiam
1139 2788 1203 2832 meo
1230 2766 1332 2834 studia

406 2909 453 2951 sae
477 2904 574 2954 totum
603 2886 643 2951 ab
671 2886 878 2953 adolescentia!
901 2885 1025 2970 dcdida}
1067 2885 1154 2962 cuius
1179 2905 1227 2948 ma
1254 2904 1336 2977 uun·

405 3025 498 3089 quam
525 3007 647 3070 satiata
664 3008 766 3089 potuis
784 3008 905 3068 araldo:
936 3019 1045 3069 tantus
1076 3017 1147 3067 arat
1175 3006 1210 3067 in
1239 3002 1336 3068 homi·

407 3119 497 3186 aelel
521 3142 591 3186 usus
618 3122 665 3183 νει·
687 3118 851 3206 publicae,
874 3139 968 3204 quam
996 3134 1026 3184 aa
1054 3117 1137 3183 domi
1157 3134 1187 3183 et
1202 3118 1335 3184 mulidus

405 3258 474 3301 cum
497 3240 608 3323 optime
629 3252 695 3299 atam
718 3238 812 3299 ctiam
834 3235 1006 3301 diuulsst'ma
1025 3251 1191 3320 gesserat,
1220 3250 1250 3300 aa
1276 3255 1340 3301 mo·

407 3352 464 3419 dus
483 3358 519 3417 iu
537 3350 681 3430 dicendo,
704 3370 733 3416 ct
753 3354 917 3436 grauitate
934 3355 1051 3416 mixtus
1071 3352 1172 3437 lapus,
1203 3368 1232 3417 at
1255 3373 1339 3419 sum·

332 3460 337 3474 ’
409 3495 489 3537 mum
522 3471 573 3538 ml
598 3467 719 3535 dicandi
747 3467 883 3533 studium
911 3469 962 3533 uel
989 3466 1118 3532 docendi
1145 3485 1175 3534 et
1203 3472 1340 3534 orationi

408 3595 476 3658 uita
507 3587 669 3655 admodum
698 3605 880 3670 congruens.
945 3584 978 3650 Is
1004 3584 1106 3649 dicere
1135 3583 1269 3661 solabar,
1301 3584 1337 3647 od

1258 3700 1339 3765 haas
1424 3736 1427 3740 ⁴

444 3866 484 3932 (t)
506 3858 679 3914 lacerandum
701 3865 729 3908 el
753 3854 870 3906 videtur.
922 3854 984 3913 Mos
1000 3855 1029 3906 id
1047 3854 1164 3923 requirit
1180 3852 1336 3905 Ciceronis:

334 3974 341 3987 ·
411 3968 446 4011 e!
468 3976 535 4010 uus
549 3959 592 4009 rei
605 3955 735 4026 publicas
752 3978 783 3991 -
800 3963 834 4004 ee
858 3954 952 4006 modus
967 3987 1002 4002 ·-
1023 3964 1056 4005 ot
1076 3954 1219 4022 gravilate
1236 3955 1339 4004 mistus

414 4058 489 4127 lepos
506 4082 536 4096 -
564 4064 596 4108 si
621 4069 803 4105 summum·-
829 4060 862 4101 et
