2896 5168
623 476 792 525 -ll-

251 658 315 706 eam
348 640 380 704 in
404 639 461 705 hac
486 638 677 722 optimorum
706 637 865 704 hominum
896 639 1042 705 societate
1074 637 1176 704 inves-

247 756 401 838 tigemus,
434 753 552 836 quippe
574 772 654 835 quae
675 755 728 820 hlc
750 752 893 830 facilius,
924 775 1015 838 quam
1047 756 1079 820 in
1111 774 1177 823 uno

250 872 377 937 homine
397 870 581 954 deprehendi
602 870 717 953 possit.
784 872 1030 953 complectimur
1052 872 1094 937 ita
1115 873 1179 938 dis·

251 987 475 1071 quisitionibus
499 987 617 1053 nostris
645 1006 705 1052 una
731 1006 802 1052 cum
828 986 963 1052 hominis
990 993 1100 1054 maturi
1124 1008 1183 1054 nn,

250 1121 350 1170 tutam
374 1120 533 1187 totamque
559 1105 770 1170 conditionem
797 1104 953 1171 civitatis:
987 1106 1098 1171 civitas
1121 1123 1180 1170 no·

251 1221 301 1287 bis
326 1225 537 1306 spectaculum
567 1221 624 1298 iit,
668 1223 701 1288 in
732 1242 797 1304 quo
827 1225 983 1288 hominem
1011 1238 1071 1289 tam
1098 1222 1181 1305 opti·

251 1357 356 1420 mum,
389 1360 480 1424 quam
503 1340 689 1422 pessimum,
728 1355 789 1406 tam
817 1340 1049 1417 beatissimum,
1087 1358 1178 1421 quam

251 1456 456 1524 miserrimum
478 1472 675 1540 spectemus,
699 1472 733 1523 ut
748 1457 885 1542 judicare
902 1457 995 1522 nobis
1013 1455 1181 1537 aliquando

249 1575 289 1638 de
312 1575 495 1656 quaestione
518 1574 631 1654 liceat,
668 1574 806 1640 omniunt
844 1571 934 1639 facile
963 1572 1178 1654 quaestionum

251 1692 289 1755 ad
316 1689 411 1753 vitam
444 1704 526 1752 tecte
558 1689 778 1753 instituendam
814 1690 1050 1770 gravissimam,
1084 1707 1180 1764 num,

251 1803 320 1868 sine
346 1803 544 1869 emolumenti
572 1803 666 1868 ullius
696 1805 892 1869 commodive
920 1824 996 1887 spe,
1027 1803 1181 1869 advitam

252 1919 370 1985 beatm
388 1918 510 2003 justitia
537 1917 681 1984 sufficiat.
725 1919 798 1984 Hoc
826 1919 905 1982 enim
936 1920 1183 1996 consilio,.nott

251 2034 387 2120 fingendi
418 2034 546 2111 studio,
586 2050 622 2101 ut
651 2037 748 2118 vulgo
781 2035 972 2118 opinantur,
1012 2031 1182 2118 perfectam

252 2148 335 2215 illam
365 2148 585 2232 rempublicam
611 2147 702 2214 linxit
731 2151 831 2215 Plato.
909 2149 992 2214 Idem
1021 2166 1096 2214 vero
1125 2149 1181 2214 hac

252 2265 445 2349 disquirendi
487 2266 795 2349 philosophandique
844 2268 963 2331 tatione
1008 2265 1181 2330 doctrinam

252 2402 374 2451 morum
405 2389 492 2450 tanta
522 2383 670 2466 exposuit
695 2402 766 2449 cum
798 2382 952 2449 evidentia
979 2399 1044 2448 tum
1075 2383 1185 2465 ampli·

252 2499 382 2582 tudine,
404 2505 520 2581 quanti
543 2504 617 2568 haec
639 2501 672 2565 in
692 2502 896 2567 recentiorum
920 2501 1182 2583 philosophorum

252 2615 379 2701 scriptis
405 2619 459 2684 vix
483 2619 556 2685 ullis
580 2637 714 2700 unquam
737 2617 887 2701 explicata
915 2631 975 2683 est.
1039 2617 1184 2700 Namut

252 2736 408 2801 civitatem
433 2735 527 2802 nobis
551 2736 747 2818 spectandam
776 2733 943 2815 praebuit,
975 2733 1008 2797 in
1033 2753 1093 2813 qua
1122 2733 1184 2799 vit·

254 2865 336 2917 tutes
368 2852 504 2918 hominis
543 2871 675 2932 omnes,
706 2851 915 2933 sapientiam,
942 2849 1183 2930 fortitudinem,
1228 2886 1232 2899 ·

253 2968 505 3052 temperantiam,
528 2967 692 3051 praecipue
712 2981 812 3032 autem
833 2964 984 3050 justitiam
1010 2967 1185 3048 explorare·

257 3102 345 3162 mus,
368 3085 411 3149 ita
440 3088 478 3151 ad
504 3085 662 3149 hominem
691 3083 858 3166 deinceps,
888 3085 926 3149 ad
951 3086 1183 3167 nosmetipsos

256 3216 395 3265 mentem.
411 3216 549 3266 nostram
571 3197 746 3282 convertit,
768 3202 853 3268 utin
872 3200 1016 3282 homine,
1040 3202 1072 3266 in
1091 3200 1186 3266 nobis

256 3316 333 3399 ipsis
357 3317 511 3383 civitatem
537 3336 710 3402 omnesque
731 3318 866 3385 civitatis
889 3340 960 3385 cum
985 3334 1089 3402 partes
1116 3335 1182 3385 tum

257 3435 388 3500 virtutes
417 3433 641 3503 attenderemus
665 3455 699 3502 ac
728 3438 1035 3520 deprehenderemus.
1107 3437 1185 3502 Arc-

258 3551 376 3617 tissima
398 3553 493 3637 igitur
512 3544 596 3636 apud
616 3556 775 3622 Platonem
798 3571 846 3620 est
865 3556 1008 3644 politicae
1026 3553 1185 3620 doctrinae

255 3689 291 3734 ac
313 3672 442 3760 moralis
467 3673 689 3753 necessitud03
733 3674 827 3738 altera
856 3687 958 3737 autem
985 3672 1073 3739 alteri
1101 3673 1185 3738 miri·

257 3785 316 3851 lice
343 3788 484 3870 prodest.
550 3788 629 3854 Nam
663 3790 817 3876 politica,
851 3808 890 3855 ne
928 3789 1082 3857 civitatem
1110 3807 1186 3856 tam·

257 3924 350 3988 quam
378 3906 547 3973 machinam
585 3911 737 3990 quandam
766 3912 815 3974 vel
846 3925 1028 3979 construere
1064 3911 1114 3977 vel
1139 3911 1186 3977 in·

257 4037 376 4093 struere
403 4026 544 4110 partibus
570 4027 749 4110 adaptandis
780 4042 928 4110 conetur,
963 4031 1090 4096 bominis
1113 4046 1187 4111 pro·
1218 4087 1220 4090 .

1139 4142 1186 4208 hi·
