2896 5168
620 464 817 542 -246-

143 710 148 719 ,
254 645 482 729 physiologiam
510 645 704 726 interpretari
730 660 811 708 recte
836 640 991 721 velimus3
1025 642 1111 723 quod
1129 661 1189 706 au·

255 778 315 827 tem
346 765 413 846 ejus
432 763 470 825 de
491 762 598 826 divina
620 766 730 827 natura
761 759 945 824 sententiam
969 758 1096 839 attinet,
1120 758 1189 824 vim

254 878 382 943 omnino
403 878 537 943 divinam
558 879 616 943 toti
642 898 742 943 rerum
769 876 959 941 universitati
982 876 1083 940 inesse
1103 873 1190 939 exis·

254 996 392 1071 timavit,
417 1010 451 1057 ut
476 995 622 1072 nonsit,
645 998 730 1075 quod
761 993 927 1069 miremur,
959 992 1012 1071 si,
1033 968 1192 1074 ¹antiquae

254 1111 437 1177 auctoritate
457 1130 529 1174 cum
548 1117 750 1193 pulsatam,
785 1128 851 1176 tum
872 1112 1048 1190 eramiae,
1079 1109 1205 1189 plures·

255 1228 436 1291 memoravit
456 1222 558 1294 Deos.
600 1229 836 1306 Veruntamen,
859 1228 937 1309 quin
951 1246 1048 1293 unum
1059 1245 1191 1310 reapse,

254 1344 308 1423 qui
335 1344 441 1409 mundi
463 1360 494 1409 et
521 1362 631 1410 auctor
655 1362 687 1411 et
716 1346 909 1430 gunemator
938 1360 1046 1426 esset,
1084 1346 1191 1411 neum

253 1459 397 1524 habuerit
420 1461 531 1542 Plato,
551 1480 614 1526 non
638 1476 687 1526 est
712 1463 800 1545 qnod
829 1463 1019 1533 dubitemus.
1063 1462 1092 1526 E
1117 1464 1191 1528 tota

252 1576 284 1641 id
308 1577 367 1641 viri
397 1579 435 1642 de
464 1579 557 1645 rebus
592 1580 707 1648 divinis
737 1581 904 1660 doctriua,
927 1594 962 1644 ut
988 1578 1109 1662 prodita
1137 1590 1191 1642 est

252 1695 285 1758 in
306 1694 448 1780 Politia,
469 1698 502 1761 in
527 1693 686 1783 Legibus,
717 1699 749 1763 in
779 1700 840 1763 hoc
871 1697 942 1779 ipso
972 1697 1012 1760 de
1037 1695 1191 1759 universo

252 1810 376 1894 dialogo
400 1830 469 1892 est,
490 1829 604 1894 sponte
623 1812 767 1879 efficitur.
818 1814 887 1880 Nec
908 1815 1021 1877 desunt
1042 1809 1192 1893 profecto

253 1929 412 1993 doctrinae
433 1930 506 1993 huic
528 1932 721 2010 Platonicae,
745 1931 897 2010 equibus
917 1930 1075 2008 hodieque
1093 1928 1188 1993 etiam

251 2045 345 2113 nobis
367 2046 517 2127 proficere
539 2049 649 2112 liceat:
673 2048 704 2112 in
724 2046 842 2128 quibus
859 2048 1009 2112 modestia
1028 2046 1059 2109 in
1077 2043 1190 2127 primis

252 2162 433 2243 philosophi
460 2166 612 2229 censenda
634 2184 705 2243 est,
729 2166 781 2227 uhi
807 2168 845 2228 de
869 2166 935 2229 Deo
959 2164 1116 2242 rebusque
1139 2162 1191 2226 di-

249 2278 332 2343 vinis
362 2279 438 2362 agit.
506 2280 702 2344 Recentioris
740 2282 848 2344 aetatis
880 2298 951 2342 cum
983 2278 1187 2359 philosophi,

252 2410 318 2460 tutu
344 2395 473 2460 maxime
490 2397 628 2480 theologi
653 2398 698 2462 sic
724 2399 892 2463 denatura
915 2396 1020 2462 divina
1044 2413 1190 2478 pronun·
1288 2398 1294 2411 ’

250 2512 371 2576 ciarunt
396 2515 482 2593 fere,
506 2515 596 2593 quasi
621 2513 681 2597 ipsi
701 2534 766 2578 eam
789 2529 885 2578 totam
905 2516 1095 2595 penitusque
1110 2531 1192 2597 cog·

251 2629 426 2696 novissent.
491 2632 567 2695 Non
597 2632 639 2697 ita
671 2632 770 2696 Plato.
837 2630 1023 2711 Timaeum,
1047 2630 1087 2693 de
1114 2630 1189 2695 Deo

251 2747 345 2810 verba
364 2744 538 2827 facturum,
560 2749 620 2812 hoc
643 2764 892 2831 praemonentem
916 2746 1057 2812 induxit:
1081 2748 1191 2809 memi-

251 2868 329 2929 nisse
350 2885 400 2930 aas
424 2867 538 2930 scillcet
565 2866 738 2951 oportebit,
769 2872 806 2940 ὡς
836 2869 850 2932 ὁ
880 2867 1000 2944 λέγων,
1035 2868 1118 2945 ὑμεῖς
1149 2890 1189 2932 re

253 2989 278 3051 ai
298 2986 417 3065 sarrai,
436 2987 528 3065 φύσιν
549 2987 729 3065 ἀνθρωπίνην
750 2985 871 3065 ἔχομεν’
909 2983 964 3051 cist
985 2983 1050 3063 περὶ
1074 2981 1189 3049 τούτων

252 3106 302 3169 τὸν
322 3102 422 3168 alaisa
438 3104 526 3180 adias
540 3103 794 3183 ἁποδεχομὲνιυς,
817 3103 921 3182 πρέπει
938 3102 1029 3179 μηδὲν
1044 3098 1088 3197 ἔτι
1108 3098 1189 3180 πέρι

251 3221 360 3300 ζητεῖν·
384 3230 414 3278 ca
434 3234 498 3293 ma,
521 3218 576 3299 qai
588 3214 761 3292 disseram,
783 3217 932 3278 iotraiacm
954 3234 1033 3291 asse,
1055 3226 1086 3276 et
1107 3232 1183 3293 aas,

252 3338 308 3418 qni
323 3333 493 3420 judicatis:
515 3349 572 3411 at,
595 3338 622 3396 si
641 3333 816 3417 probabilia
836 3330 1003 3411 dicantur,
1026 3330 1077 3395 nil
1094 3328 1185 3394 ultra

252 3454 437 3535 requiratis.
458 3448 499 3514 (¹)

296 3569 358 3632 Sed
372 3571 575 3633 accedendum
595 3569 713 3631 tandem
736 3566 828 3629 nobis
845 3580 892 3629 est
911 3566 949 3628 ad
966 3564 1185 3647 philosophiae

253 3686 334 3765 apud
354 3664 511 3749 Platonem
533 3685 644 3762 liutem,
668 3684 721 3762 qui
747 3682 882 3745 hominis
912 3696 960 3746 est
979 3685 1113 3764 ὁμοίωσις
1129 3686 1184 3766 θεῷ

251 3806 333 3869 sari
345 3806 523 3875 abietarii,
549 3817 582 3863 ιιι
602 3819 619 3862 e
637 3798 798 3862 Theaeteto
816 3796 1089 3881 comminuant
1125 3882 1160 3946 D

1168 3903 1186 3947 e

287 4000 327 4068 (ι)
353 4003 464 4051 Timaeo
484 4000 571 4067 aql).
607 4001 648 4068 (a)
677 3997 763 4066 Supra
775 4019 802 4067 p.
818 3988 876 4069 ¹95·
906 3998 942 4051 V.
960 3995 1185 4050 lrocdoredoeta
1290 4014 1295 4021 ·

251 4099 337 4167 disp,
356 4116 423 4167 quw
434 4114 520 4165 nuper
532 4098 634 4165 prodiit
648 4107 758 4155 auctore
770 4099 830 4155 Van
837 4099 870 4150 de
878 4098 984 4161 Valde,
1004 4093 1179 4152 Gromrssdd.
