2896 5168
637 468 808 536 -„...

246 632 363 698 atuor
381 634 540 718 repletus,
560 631 641 699 nib'ii
657 612 790 716 murm,
812 648 893 715 quae
919 649 1002 697 nune
1030 630 1176 696 dicuntur

249 738 360 832 vera„
380 751 652 833 conspecturum?
688 785 734 803 -
762 732 970 833 Nequaquam
999 747 1052 814 iile
1079 763 1177 829 sanc,

250 868 404 935 continuo
420 867 560 950 quidem.
582 902 629 921 ·-
648 864 912 945 consuetudine,
935 862 1070 946 opinor,
1099 862 1178 928 us'u-

251 1002 316 1065 que
337 998 425 1051 osset
449 1001 560 1068 opus,
580 998 619 1049 ut
643 981 807 1068 superiora
832 982 884 1049 illa
903 980 1090 1065 adspiceret.
1114 978 1178 1045 ·-Et

251 1100 386 1186 primum
408 1100 533 1182 quidem
555 1100 680 1166 umbras
700 1100 896 1184 conspiceret
914 1095 1183 1179 facillime,deiu·

247 1215 292 1292 de
318 1215 479 1284 bominum
514 1233 772 1300 caeterorumque
810 1217 844 1282 iu
875 1214 966 1298 aquis
994 1215 1179 1280 simulacrar

251 1345 319 1399 tum
353 1351 429 1401 vcro
458 1336 537 1418 ipsa.
578 1333 663 1400 Hinc
692 1350 796 1401 auten
823 1350 899 1414 res,
930 1348 1013 1416 quac
1038 1331 1071 1396 iu
1089 1330 1180 1396 coelo

251 1463 349 1533 sunt,
376 1450 547 1535 ipsumque
571 1453 718 1537 coelum,
739 1464 837 1517 noctu
853 1448 994 1529 facilius,
1024 1461 1182 1515 astrorum

252 1565 407 1649 utraeque
432 1569 539 1634 iumen
568 1566 743 1652 adspiciens
774 1564 1056 1651 contemplabitur,
1087 1582 1182 1647 quam

252 1684 409 1765 interdiu,
432 1686 530 1752 solem
556 1676 690 1770 ejusque
717 1684 821 1750 lumen
852 1684 990 1750 intuens.
1011 1716 1058 1737 —
1078 1680 1183 1769 Quid*

250 1800 315 1868 nii
334 1802 564 1869 -Postremo
583 1817 687 1868 autern
708 1801 808 1868 soient
826 1818 891 1866 non
911 1799 943 1866 in
964 1788 1055 1880 arguis
1072 1811 1126 1864 ant
1146 1778 1192 1864 iu¹

252 1916 350 1982 sirena
381 1918 511 2000 quadam
542 1917 669 2015 regione
696 1919 765 2003 ejus
792 1915 966 2003 imagines,
998 1916 1054 1983 sod
1074 1914 1182 2002 ipsum

252 2033 309 2116 per
327 2049 363 2097 sc
392 2033 424 2097 in
444 2012 544 2117 ipsius
569 2033 697 2119 regione
728 2052 874 2117 cernere,
903 2047 957 2116 et,
988 2033 1089 2120 qualis
1114 2032 1180 2118 sit,

251 2149 455 2232 contemplari
473 2151 602 2232 poterit.
617 2173 673 2216 ἰ-
702 2151 844 2218 Necesse
869 2167 930 2218 est.
952 2187 1000 2207 -
1020 2151 1183 2220 Tum've-

252 2284 290 2328 ro
313 2266 436 2329 demum
466 2266 642 2345 reputando
671 2281 862 2346 cognoscet,
895 2267 980 2332 hunc
1006 2284 1098 2348 esse,
1124 2266 1183 2352 qui

252 2393 285 2447 et
319 2392 519 2459 tempestates
557 2376 629 2442 anni
662 2375 757 2442 nobis
794 2395 960 2461 annosque
987 2370 1116 2462 praebet
1151 2396 1185 2448 et

251 2495 355 2562 omnir
373 2495 405 2559 in
425 2491 625 2579 adspectabiii
649 2491 766 2559 mondo
793 2492 892 2574 regit,
922 2484 1095 2577 eorumque
1116 2508 1185 2563 tarn

252 2626 319 2679 turn
341 2630 405 2678 oon
428 2610 587 2692 omnium,
610 2628 689 2693 quae
712 2626 783 2677 ante
808 2609 852 2676 illi
881 2610 1048 2695 viderant,
1069 2627 1181 2681 auctor

253 2747 314 2798 est.
336 2763 383 2779 -
401 2726 608 2795 Manifestum
628 2742 702 2810 est,
722 2727 761 2793 ad
780 2727 855 2793 brec
874 2746 945 2795 eum
966 2729 1005 2795 ab
1027 2729 1089 2796 nus
1108 2744 1183 2814 pro·

253 2866 447 2932 grossorum.
458 2885 501 2900 -
520 2843 608 2930 Quid
624 2843 733 2911 vero?
753 2842 788 2911 Si
807 2858 882 2911 tunc
901 2859 934 2911 et
952 2845 1070 2928 primae
1090 2845 1187 2915 istius

254 2962 455 3031 habitationis
484 2975 515 3028 et
540 2960 727 3044 sapientiae,
749 2979 830 3042 quae
858 2962 921 3028 sslic
948 2959 1126 3045 ferebatur,
1150 2954 1190 3057 et'¹
1201 3026 1206 3032 .

254 3079 439 3158 homiuum,
471 3076 660 3162 quibuscum
688 3077 720 3142 in
752 3077 889 3144 'vinculis
911 3077 1053 3158 vixerat,
1082 3076 1187 3146 recor-

254 3197 363 3277 detur,
395 3213 502 3261 uonne
531 3206 629 3261 semet
656 3192 760 3277 ipsum
786 3207 880 3277 putas
911 3192 1038 3260 bortum
1064 3194 1185 3275 praedi·

253 3330 422 3394 catunrna,
452 3312 525 3376 illos
553 3329 631 3377 vero
658 3309 902 3377 miseraturumi
918 3350 967 3368 -
988 3309 1034 3378 Et
1053 3308 1191 3381 maxime

255 3429 394 3511 quidem.
414 3463 461 3479 -
480 3427 664 3507 Praeterea,
694 3424 723 3490 si
752 3442 835 3507 quos
860 3425 997 3492 honores
1025 3423 1087 3492 illic
1103 3426 1187 3494 invi·

254 3561 323 3611 tem
342 3558 375 3608 et
396 3543 502 3608 laudes
525 3556 557 3608 et
574 3540 708 3626 praemia
725 3541 908 3606 tribuissent
930 3539 981 3622 ei,
1003 3542 1059 3624 qui
1085 3542 1190 3610 trans·'

255 3658 361 3729 euntia
375 3675 521 3740 quaeque
539 3656 718 3724 acutissime
735 3656 837 3723 fuerat
855 3656 1055 3739 conspicatus
1067 3657 1193 3739 ,maxi-¹

253 3792 369 3860 tneque
394 3788 535 3842 tenuerat
561 3775 728 3855 memorii,
761 3792 843 3856 quae
867 3772 977 3858 prius,
1010 3791 1091 3859 quae
1110 3782 1192 3859 pos-²

253 3892 374 3976 terius,
406 3908 486 3973 quae
503 3890 597 3958 simul
620 3891 756 3958 solerent
778 3890 946 3974 praeterire
973 3904 1006 3958 et
1032 3890 1105 3958 hinc
1124 3911 1185 3975 po-

254 4012 355 4068 tuerrt
380 3996 499 4082 optime
525 3995 693 4081 augurari,
727 3996 818 4081 quid·
830 3998 893 4083 jrm
921 3999 984 4095 jun
1006 4012 1105 4101 desset
1119 3994 1186 4064 ad·
1227 4054 1237 4065 .

1108 4129 1185 4179 ven·
