2896 5168
577 450 810 516 ·-o-

157 668 159 673 ,
259 629 444 701 propterea,
472 617 559 698 quod
585 621 668 684 tants
693 618 743 682 ilia
771 635 893 700 tamque
919 595 1067 703 singulari
1096 621 1184 687 uber·

256 750 319 801 tate
345 750 439 816 atque
466 732 667 817 amplitudine
692 748 759 813 cst,
782 733 895 800 iccirco
918 753 979 801 una
1005 736 1065 802 dici
1087 737 1182 804 veris·

257 851 336 918 sime
355 855 477 928 παιδεία
495 865 613 933 potest.
926 932 929 939 ¹

298 967 361 1035 sed
381 984 529 1032 renovare
555 981 689 1037 veterem
715 968 796 1033 illam
826 969 1067 1054 philosophandi
1089 971 1182 1036 ratio·
1281 987 1283 990 ’

222 1139 224 1142 ⁴
256 1100 326 1149 nem
351 1085 412 1149 hoc
441 1083 571 1149 maxime
596 1082 762 1167 proposito
790 1087 902 1167 decet,
933 1102 969 1155 ut
981 1090 1068 1172 justi
1085 1091 1183 1173 philo·

256 1202 392 1287 sophiam
422 1215 551 1267 tractare
571 1219 654 1269 recte
674 1205 842 1272 discamus.
895 1204 1045 1272 Relcrtur
1071 1227 1125 1288 ea,
1146 1222 1182 1272 ut

256 1327 353 1383 omnc‘
375 1319 543 1402 sapientiae
571 1321 730 1402 studium,
764 1323 801 1386 ad
833 1320 991 1388 veritatem
1020 1325 1183 1406 exquiren-

254 1435 346 1513 dam,
374 1437 431 1501 sed
454 1436 581 1518 proprie
604 1438 642 1502 ad
670 1455 773 1503 veram
798 1454 830 1503 et
852 1440 1005 1506 virtutem
1024 1441 1182 1506 colendam

255 1565 287 1617 et
313 1551 397 1618 vitae
425 1551 604 1618 felicitatem
632 1550 830 1618 obtinendam
859 1554 1014 1636 pertinet:
1059 1553 1185 1620 exstite-

255 1681 330 1733 tunt
346 1680 446 1732 nartem
469 1679 528 1730 tam
550 1666 740 1744 recentiore,
764 1685 855 1746 quarn
876 1664 1008 1749 antiquo
1031 1688 1128 1748 aevo,
1152 1670 1183 1734 in

255 1781 428 1863 sophistis,
451 1798 533 1862 quos
552 1778 707 1858 diximus,
735 1778 791 1860 qui
814 1782 851 1844 ad
876 1781 958 1846 hunc
982 1781 1076 1848 nobis
1097 1803 1184 1865 prae·

254 1879 371 1965 clarum
394 1894 486 1961 finem
506 1912 681 1980 perversam
704 1895 856 1977 praeirent
877 1897 971 1962 viam.
1024 1899 1183 1981 Fuerunt,

214 1999 215 2002 ¹
256 2017 312 2100 qui
339 2016 379 2080 acl
405 2013 604 2080 commodum
629 2012 720 2078 unice
743 2012 941 2079 hominisac
967 2015 1123 2097 civitatis,
1145 2020 1182 2082 ad

257 2133 312 2215 id,
358 2133 443 2215 quod
473 2131 600 2212 utrique
632 2130 805 2196 conducere
842 2129 973 2196 maxime
1003 2132 1186 2213 videretur,
1256 2160 1259 2165 ·

258 2269 382 2316 omnem
398 2249 547 2329 referrent
573 2249 718 2312 moralem
747 2245 962 2328 disciplinam:
992 2265 1049 2312 nec
1077 2248 1182 2315 defue-

194 2441 197 2447 ,
255 2385 330 2434 runt
358 2369 452 2445 adeo,
477 2365 533 2446 qui
561 2363 718 2447 physicam
745 2362 881 2428 hominis
911 2379 1050 2430 naturam
1075 2371 1184 2447 explo-

134 2530 138 2539 .
248 2467 358 2550 'rnrcnt
383 2483 566 2564 diligenter,
590 2483 734 2546 moralem
760 2481 973 2564 negligerent,
996 2482 1180 2562 quinetiam

254 2620 323 2668 esse
351 2598 563 2682 megarensis
616 2599 759 2680 Quorum
780 2595 938 2662 doctrinae
958 2617 997 2662 co
1020 2601 1182 2666 valuerunt

255 2717 448 2792 necessario,
475 2732 509 2782 ut
529 2734 635 2781 nervos
651 2717 800 2791 uirtutis,
826 2715 912 2793 quod
930 2714 968 2777 de
984 2715 1182 2798 Theophras·

254 2850 289 2903 to
313 2834 392 2902 dixit
412 2833 545 2910 Cicero,
577 2829 770 2906 inciderem,
787 2830 826 2894 (π)
859 2830 1120 2911 descenderetque
1152 2839 1180 2898 io

1136 2950 1182 3015 his

292 3129 333 3198 (ι)
359 3128 391 3179 ln
409 3127 458 3177 illo
475 3141 569 3194 genere
587 3141 650 3192 prae
667 3125 781 3176 cneleris
798 3124 912 3193 insignes
929 3133 991 3177 sunl
1009 3127 1124 3180 Helvetii
1144 3130 1180 3179 li.
1276 3141 1279 3149 ·

255 3218 300 3270 bri
317 3218 351 3269 de
367 3215 494 3284 l'Erprr't
510 3221 537 3264 ct
554 3215 586 3263 de
603 3213 763 3273 I'Ilomme5
782 3215 810 3265 in
822 3213 874 3266 hnc
885 3216 999 3268 canani·
1009 3216 1180 3270 dissertatio.

254 3325 319 3371 nes,
343 3309 483 3358 Discorrrr
497 3323 549 3356 rur
564 3303 692 3354 I'lwmme
704 3302 845 3374 phyrique
861 3314 889 3357 et
905 3307 1005 3358 moral.
1042 3307 1179 3362 Praeclare

253 3405 341 3451 aulem
351 3393 449 3448 Victor
459 3392 591 3455 Curinus,
610 3391 779 3443 doctissimus
792 3411 859 3445 unus
875 3396 903 3444 in
919 3397 1012 3461 paucis
1028 3403 1055 3447 el
1072 3397 1181 3466 elegun-

251 3485 369 3538 lissimns
387 3481 505 3532 Platonis
524 3481 667 3548 interpres.
702 3497 717 3528 a
736 3483 777 3533 De
796 3500 859 3532 nom
875 3485 908 3534 de
927 3485 1035 3535 Platon
1055 3490 1180 3556 reppelle
1263 3544 1266 3548 ,

252 3573 398 3643 cll’esprit
414 3579 485 3622 celle
497 3570 696 3640 philosophie,
717 3571 768 3640 an'
786 3571 846 3621 voit
867 3572 938 3622 dans
953 3572 1082 3624 I'lcomme
1099 3585 1179 3627 arcere

251 3665 333 3716 choro
357 3679 411 3732 qus
432 3676 483 3711 son
507 3658 670 3728 enveloppe,
699 3660 749 3727 qui
778 3659 821 3708 Iur'
847 3663 992 3711 reconnnit
1017 3680 1071 3713 urae
1097 3673 1178 3716 autre

252 3750 431 3820 activitequr'
449 3744 643 3798 l'irrirabilrre'
664 3748 711 3797 der
734 3764 871 3814 organes,
900 3741 954 3799 urie
977 3758 1059 3802 arcere
1080 3770 1177 3804 source
1234 3810 1237 3815 ⁴

252 3839 359 3892 d'r'dees
385 3856 439 3907 que
461 3835 647 3903 I’impressr'on
671 3836 717 3884 des
739 3851 818 3894 rans,
848 3853 901 3885 nne
925 3846 1006 3888 outre
1029 3840 1103 3909 tegle
1125 3860 1177 3909 que

249 3927 376 3981 l'r'nre'rer
395 3924 561 3995 perronnel,
591 3941 646 3983 une
669 3931 752 3972 outre
775 3923 898 3974 &stende
923 3943 975 3994 que
997 3926 1038 3977 les
1050 3929 1119 3992 jour
1140 3932 1176 3980 clu

249 4017 342 4072 cort.''
369 4016 463 4085 Prosp.
475 4015 508 4067 ds
520 4014 543 4064 la
558 4012 625 4064 trad.
714 4016 756 4081 (a)
775 4011 835 4065 Cic.
853 4014 942 4068 Acan.
962 4017 1076 4085 Quaere.
1095 4018 1118 4072 1.
1132 4034 1176 4071 ro.
