2896 5168
633 472 829 517 —202—

268 635 356 713 tuna.
401 634 507 695 Artem
536 647 645 711 postea
668 653 706 695 cx
735 632 784 697 bis
809 631 919 696 factam
937 679 949 713 ,
970 633 1126 697 mortalem
1150 650 1190 697 ex

265 747 475 825 mortalibus,
503 747 618 812 ludicra
641 751 788 829 quaedam
808 749 931 831 negotia
953 747 1116 827 genuisse,
1138 769 1193 812 ve·

267 862 367 928 ritatis
399 863 521 942 quidem
550 882 613 927 non
644 884 827 946 ruagnopere
857 867 1044 947 participia,
1073 866 1126 929 sed
1149 866 1192 928 si-

265 984 399 1045 mulacra
417 982 562 1062 quaedam
583 981 641 1043 sibi
664 982 740 1062 ipsis
759 1000 911 1064 cognata,
937 983 1037 1063 qualia
1052 986 1190 1062 pictura,

265 1101 405 1175 musica,
431 1116 627 1178 caeteraeque
650 1115 730 1161 artes
750 1098 798 1163 his
817 1099 933 1162 similes
956 1114 1114 1181 generant.
1156 1098 1193 1164 Si

264 1233 343 1296 quae
369 1234 441 1277 vero
469 1229 550 1276 artes
580 1215 693 1277 setium
721 1215 837 1295 aliquid
867 1213 1007 1294 faciunt,
1031 1235 1081 1280 eas
1101 1235 1190 1293 esse,

263 1350 342 1411 quae
367 1331 428 1394 vim
457 1350 543 1394 suam
569 1350 639 1395 cmn
671 1348 779 1394 nutura
807 1333 1056 1398 communicant:
1089 1334 1203 1412 qualis.

261 1463 307 1512 est
337 1446 508 1525 medicina,
543 1449 753 1528 agricultura,
789 1448 994 1530 gymnastico.
1053 1449 1188 1514 Civilem

261 1581 415 1647 praeterea
439 1564 654 1647 prudentiam,
685 1567 792 1648 ajunt,
823 1571 917 1648 parvi
943 1568 1075 1647 quadam
1103 1580 1190 1648 parte

259 1702 330 1747 cum
349 1685 477 1762 naturl,
497 1685 606 1763 magni
626 1702 699 1746 vero
718 1701 788 1746 cum
807 1700 871 1746 arte
890 1683 1078 1764 convenire,
1097 1699 1193 1766 atque

196 1779 199 1782 .
259 1799 303 1866 ita
327 1805 502 1865 universam
530 1800 753 1882 legislationem
775 1816 839 1862 non
863 1803 998 1877 natura,
1025 1802 1080 1864 sed
1103 1817 1190 1880 arte,

258 1917 350 1999 cujus
366 1936 429 1981 non
448 1937 518 1982 vera
539 1934 612 1981 sunt
632 1919 775 1993 decreta,
795 1932 951 1982 constare.
997 1917 1084 1982 Deos
1106 1918 1190 1984 scili·

258 2048 308 2099 cet
327 2034 403 2112 isti,
423 2053 485 2097 nou
507 2039 616 2099 narurh
640 2054 707 2097 csse
727 2035 835 2115 ajunt,
857 2036 911 2098 sed
923 2049 993 2098 arte
1014 2050 1046 2098 ct
1066 2034 1187 2115 legibus

259 2150 444 2233 quibusdam
467 2149 637 2215 informari.
653 2149 693 2215 (ι)
743 2150 800 2213 lllc
832 2149 972 2227 Cliuias,
1000 2151 1122 2230 qualern
1149 2164 1185 2214 tu

257 2270 403 2345 tandem,
426 2287 445 2330 ο
469 2269 606 2347 hospes,
628 2284 799 2328 sermonem
829 2267 998 2344 enarrasti,
1028 2279 1190 2348 quantam·

257 2403 320 2465 que
342 2386 492 2467 juvenum
524 2398 639 2462 pestem
663 2398 693 2445 et
720 2384 846 2463 publice
863 2382 1044 2449 civitatibus
1068 2400 1100 2449 et
1121 2382 1188 2467 pri·

256 2500 350 2564 vatim
375 2499 521 2565 domibus
543 2499 674 2565 illatam!

299 2617 383 2682 Haec
404 2617 499 2699 igitur
519 2615 780 2697 philosophorum
806 2617 843 2681 de
866 2616 934 2681 biis
955 2617 1066 2698 placita
1085 2618 1187 2682 Plato·

256 2733 305 2801 nis
333 2751 431 2800 aetate
458 2735 692 2799 celebrabantur
725 2734 877 2799 mraxime:
917 2733 1034 2813 quibus
1060 2735 1110 2798 alii
1141 2733 1189 2798 sic

255 2852 487 2936 repugnabant,
517 2867 551 2916 ut
570 2871 637 2915 esse
658 2854 743 2916 Deos
765 2867 935 2933 ponerent,
959 2853 1014 2916 sed
1037 2852 1129 2917 simul
1152 2865 1189 2916 ut

255 2969 369 3034 nullam
390 2988 459 3034 esse
478 2989 585 3033 eorum
606 2967 640 3032 in
658 2988 758 3033 rerum
779 2984 918 3033 naturam
941 2985 971 3032 et
991 2987 1115 3034 nosmet
1136 2970 1185 3052 ip-

254 3103 309 3150 sos
330 3085 579 3167 providentiam,
605 3087 838 3150 contenderent.
884 3085 989 3150 Nobis
1009 3104 1107 3164 vero,
1129 3103 1185 3151 an·

256 3217 394 3283 teaquam
417 3202 454 3265 iis
475 3202 629 3284 puriorem
657 3204 807 3282 quandam
830 3201 1047 3284 sanioremque
1068 3202 1185 3268 doctri·

207 3398 211 3407 Ι
252 3334 320 3381 nam
333 3335 546 3397 apponamus,
560 3338 638 3397 quae
655 3319 685 3380 in
700 3317 834 3381 Platonis
846 3334 945 3382 exstat
958 3320 1182 3402 philosophia,

253 3440 364 3515 poetae
387 3435 457 3498 item
484 3435 604 3513 antiqui
628 3433 842 3498 considerandi
869 3450 966 3514 sunt,
995 3454 1129 3515 quorum
1149 3426 1183 3501 in

250 3551 440 3616 carminibus
476 3551 530 3615 Dii
571 3550 647 3615 minl
681 3549 892 3615 informantur
928 3553 1061 3633 specie,
1100 3568 1135 3617 ut
1166 3571 1184 3618 a

251 3685 359 3734 sancto
380 3667 570 3750 divinoque,
593 3669 680 3747 quod
701 3668 733 3731 in
754 3667 862 3749 primis
877 3668 1076 3751 quaerimus,
1094 3688 1186 3752 pror·

252 3805 308 3850 sus
329 3786 495 3850 abhorrere
517 3784 692 3849 videantur.

1131 3902 1182 3968 De

286 4064 326 4130 (nl
349 4063 488 4128 DeLegg·
506 4060 566 4111 888.
587 4059 623 4109 D.
641 4083 671 4100 ··
690 4060 750 4128 889.
771 4059 803 4113 1¹).
