2896 5168
629 468 803 560 ‘⁵⁶‘

250 656 321 723 est,
351 642 406 708 sel
436 644 604 710 multorum
644 610 774 730 indiget.
829 643 1063 729 Quamobrem,
1086 660 1176 710 cum

251 759 304 826 alii
324 757 387 825 aibi
409 754 486 826 a'tlioa
510 763 550 827 ad
570 764 627 828 alia
646 763 771 845 negotia
791 745 979 847 adjungant,
1000 761 1118 826 moltoa
1143 758 1179 827 in

237 894 344 942 unam
376 876 594 943 habitationem
632 880 787 961 adjutores
825 876 1085 960 congregabunte.
1105 876 1181 943 inde

253 993 470 1058 universorum
486 1008 614 1070 coetus,
635 1013 726 1072 quent
744 992 850 1057 urbem
867 995 1069 1075 appellamus.
1090 992 1181 1061 Coo·

236 1109 351 1174 ·etabit
381 1109 432 1172 ille
460 1121 561 1170 autem
594 1108 747 1170 continuo
779 1123 913 1185 quatuor
951 1113 1002 1172 vel
1039 1109 1181 1191 quinque

254 1224 345 1290 viria.
397 1222 479 1286 Nam
508 1219 607 1301 prima
632 1235 663 1283 et
691 1221 830 1285 omnium
857 1222 987 1298 maxima
1013 1223 1182 1305 indigentia

255 1335 449 1423 praeparatio
479 1338 578 1401 victas
606 1350 673 1416 est,
707 1350 741 1399 ut
770 1350 801 1398 et
827 1335 925 1399 aimus
952 1351 985 1398 et
1016 1335 1181 1416 vitiamur,

255 1453 392 1521 necunde
410 1451 637 1532 habitationis,
658 1449 746 1517 tertia
767 1454 894 1518 uestitus
911 1468 998 1516 cura.
1036 1449 1183 1534 Agricoll

198 1541 207 1559 ⁵
256 1567 373 1634 iccirco
404 1565 498 1633 nobis
528 1586 610 1651 opus
635 1568 720 1649 erit,
753 1584 819 1633 tum
845 1566 1060 1648 aedificatore,
1088 1549 1184 1651 porro

256 1701 402 1767 textore,
424 1683 558 1752 coriario
578 1685 735 1768 aliisque,
768 1685 821 1766 qui
842 1683 969 1766 corpori
988 1685 1105 1750 tuendo
1130 1702 1186 1750 va·

256 1819 341 1872 cent.
384 1802 420 1869 lu
448 1802 497 1868 bis
526 1817 628 1869 autent
657 1802 734 1867 illud
753 1818 931 1881 teneamus,
963 1800 1186 1883 singulis-illia

257 1919 439 1988 hominibus
469 1937 535 1983 non
559 1919 684 1985 sibimet
713 1919 838 1997 solnm,
860 1918 916 1983 sed
937 1918 1091 1984 universio
1111 1937 1187 2001 pro·

259 2035 453 2121 apiciendum
475 2052 557 2104 ease.
599 2035 680 2098 Nam
706 2033 861 2116 primum,
893 2052 958 2098 uon
975 2035 1092 2100 similes
1111 2048 1187 2100 aunt

261 2171 371 2220 omnen
391 2154 523 2231 maturi,
550 2150 606 2216 sed
627 2148 696 2216 aliia
717 2152 774 2215 alia
794 2167 842 2216 est
863 2150 901 2214 ad
919 2150 978 2216 alia
997 2151 1123 2234 negotia
1139 2151 1189 2215 in·

261 2270 363 2338 doleo.
415 2267 535 2334 Deinde
567 2267 682 2349 singuli
702 2267 840 2351 singulas
860 2281 943 2332 artes
964 2267 1081 2334 melius.
1096 2285 1188 2333 erco-

262 2386 351 2468 lent,
373 2403 464 2466 quam
487 2402 569 2449 unua
589 2383 759 2458 univerms.
794 2383 951 2448 Praeterea
964 2383 1118 2449 nondam
1131 2402 1191 2466 op·

264 2501 455 2587 portunittte
472 2499 567 2581 quis,
589 2500 645 2564 sed
662 2499 695 2562 id
716 2517 813 2564 unum
834 2517 948 2582 agent,
970 2517 1033 2564 retu
1050 2498 1191 2581 perficiet

264 2633 369 2686 recte:
405 2634 470 2682 non
506 2619 586 2682 euim
628 2617 714 2697 quod
746 2613 920 2680 laciendum
948 2629 1015 2694 est,
1048 2612 1189 2679 facientia

265 2735 366 2801 otium
395 2747 572 2815 exspectare
599 2734 681 2801 vult.
741 2732 818 2797 Nou
849 2728 945 2813 igitur
978 2735 1111 2811 ¹quatuor
1137 2742 1192 2795 aut
1256 2739 1260 2746 '

267 2849 427 2934 quinque,
461 2849 516 2914 sed
549 2847 692 2930 pluribus
723 2867 804 2930 opus
837 2860 885 2912 est
916 2844 1040 2911 civibus
1066 2847 1106 2911 ad
1135 2863 1192 2925 ea,

267 2986 349 3051 ottae
380 2965 538 3046 diximus,
567 2961 749 3048 peragenda.
815 2965 907 3030 Haud
941 2964 1024 3029 enim
1059 2963 1195 3047 agricola

266 3095 401 3148 aramum
433 3101 468 3146 ac
507 3097 625 3147 caetera
663 3083 866 3165 agriculturae
896 3083 1101 3147 instrumenta
1131 3079 1195 3147 eibi

267 3198 433 3265 conficiet:
466 3215 523 3262 nec
550 3217 657 3264 rursus
686 3198 883 3264 aedificatore
915 3198 1020 3262 multis
1047 3196 1134 3262 enim.
1163 3209 1196 3262 et
1297 3252 1302 3261 ,

237 3345 240 3351 ⁴
268 3314 343 3382 huic
368 3333 450 3397 opua
471 3327 540 3379 esta
575 3314 721 3395 idemque
743 3315 782 3378 de
805 3326 926 3377 textore
947 3326 980 3377 et
999 3311 1131 3379 coriario
1148 3311 1197 3377 dl·

269 3431 415 3497 cendum.
459 3428 550 3495 Fabri
571 3429 665 3514 igitur
684 3445 779 3511 atque
805 3427 906 3492 omnis
927 3428 1049 3511 generis,
1063 3427 1198 3495 artifices

271 3546 457 3629 oppidulum
476 3561 618 3611 nostrum
635 3542 784 3626 frequens
800 3543 910 3609 incolis
922 3544 1065 3611 efficient.
1098 3549 1199 3612 Acte·

272 3664 346 3729 dent
360 3677 464 3729 autem
483 3661 544 3727 iilis
565 3659 714 3740 bubulci,
738 3659 911 3744 opiliones,
933 3677 1093 3745 pastores,
1115 3675 1199 3728 utet

273 3778 423 3862 agricolae
437 3781 473 3845 ao
490 3752 635 3846 arandum
652 3777 773 3858 bobus,
796 3792 828 3844 et
841 3778 1001 3845 architecti
1015 3779 1054 3844 m
1068 3794 1219 3845 moveo·

272 3896 393 3961 eandam
416 3897 571 3962 materiam
586 3894 760 3980 jumentis,
782 3909 812 3961 et
833 3910 969 3962 textores
990 3894 1029 3960 ad
1050 3913 1113 3960 rem
1130 3913 1201 3959 veo·

274 4007 390 4087 timiam
408 4010 542 4096 pellibus
560 4029 595 4084 ac
612 4011 689 4080 lania
709 4027 848 4085 utantur.
882 4012 998 4087 Verum
1015 4027 1054 4086 ne
1067 4011 1114 4086 tic
1131 4011 1202 4095 qui·

1130 4129 1199 4206 dtu
