<?xml version="1.0" encoding="UTF-8"?>
<!DOCTYPE html PUBLIC "-//W3C//DTD XHTML 1.0 Transitional//EN"
    "http://www.w3.org/TR/xhtml1/DTD/xhtml1-transitional.dtd">
<html xmlns="http://www.w3.org/1999/xhtml" xml:lang="en" lang="en">
 <head>
  <title>
</title>
<meta http-equiv="Content-Type" content="text/html;charset=utf-8" />
  <meta name='ocr-system' content='tesseract 3.04.00' />
  <meta name='ocr-capabilities' content='ocr_page ocr_carea ocr_par ocr_line ocrx_word'/>
</head>
<body>
  <div class='ocr_page' id='page_1' title='image "./initiaphilosoph04heusgoog_0458.png"; bbox 0 0 2896 5168; ppageno 0'>
   <div class='ocr_carea' id='block_1_1' title="bbox 653 475 942 550">
    <p class='ocr_par' dir='ltr' id='par_1_1' title="bbox 653 475 942 550">
     <span class='ocr_line' id='line_1_1' title="bbox 653 475 942 550; baseline 0 -14"><span class='ocrx_word' id='word_1_1' title='bbox 653 493 657 497; x_wconf 86' lang='grc'><em>·</em></span> <span class='ocrx_word' id='word_1_2' title='bbox 738 475 942 550; x_wconf 71' lang='lat' dir='ltr'><strong>-sys-.</strong></span> 
     </span>
    </p>
   </div>
   <div class='ocr_carea' id='block_1_2' title="bbox 360 636 1358 1548">
    <p class='ocr_par' dir='ltr' id='par_1_2' title="bbox 360 636 1327 970">
     <span class='ocr_line' id='line_1_2' title="bbox 370 636 1327 735; baseline 0.003 -17"><span class='ocrx_word' id='word_1_3' title='bbox 370 650 485 721; x_wconf 80' lang='lat' dir='ltr'><strong>Cicero</strong></span> <span class='ocrx_word' id='word_1_4' title='bbox 505 650 786 735; x_wconf 76' lang='lat' dir='ltr'><strong>sccpcleomque.</strong></span> <span class='ocrx_word' id='word_1_5' title='bbox 809 650 924 734; x_wconf 85' lang='lat' dir='ltr'><strong>optimi</strong></span> <span class='ocrx_word' id='word_1_6' title='bbox 942 653 1299 734; x_wconf 65' lang='lat' dir='ltr'><strong>sapientissimiquefa</strong></span> <span class='ocrx_word' id='word_1_7' title='bbox 1320 636 1327 650; x_wconf 71' lang='grc'><em>’</em></span> 
     </span>
     <span class='ocr_line' id='line_1_3' title="bbox 369 761 1314 850; baseline -0.002 -15"><span class='ocrx_word' id='word_1_8' title='bbox 369 780 506 849; x_wconf 85' lang='lat' dir='ltr'><strong>cerunt,</strong></span> <span class='ocrx_word' id='word_1_9' title='bbox 525 787 592 837; x_wconf 84' lang='lat' dir='ltr'><strong>uon</strong></span> <span class='ocrx_word' id='word_1_10' title='bbox 605 761 712 838; x_wconf 69' lang='lat' dir='ltr'><strong>&#39;amen</strong></span> <span class='ocrx_word' id='word_1_11' title='bbox 740 768 861 839; x_wconf 79' lang='lat' dir='ltr'><strong>habeat.</strong></span> <span class='ocrx_word' id='word_1_12' title='bbox 875 767 1050 850; x_wconf 84' lang='lat' dir='ltr'><strong>probabilia·</strong></span> <span class='ocrx_word' id='word_1_13' title='bbox 1071 768 1126 834; x_wconf 87' lang='lat' dir='ltr'><strong>illa·</strong></span> <span class='ocrx_word' id='word_1_14' title='bbox 1143 787 1175 838; x_wconf 85' lang='lat' dir='ltr'><strong>et</strong></span> <span class='ocrx_word' id='word_1_15' title='bbox 1202 769 1314 839; x_wconf 54' lang='lat' dir='ltr'><strong>simil-t</strong></span> 
     </span>
     <span class='ocr_line' id='line_1_4' title="bbox 360 883 1308 970; baseline 0.003 -18"><span class='ocrx_word' id='word_1_16' title='bbox 360 883 453 953; x_wconf 62' lang='lat' dir='ltr'><strong>vliora</strong></span> <span class='ocrx_word' id='word_1_17' title='bbox 478 883 566 966; x_wconf 80' lang='lat' dir='ltr'><strong>veui,</strong></span> <span class='ocrx_word' id='word_1_18' title='bbox 600 902 666 968; x_wconf 90' lang='lat' dir='ltr'><strong>quo</strong></span> <span class='ocrx_word' id='word_1_19' title='bbox 691 884 828 970; x_wconf 74' lang='lat' dir='ltr'><strong>germani</strong></span> <span class='ocrx_word' id='word_1_20' title='bbox 854 885 1040 970; x_wconf 84' lang='lat' dir='ltr'><strong>philosophi</strong></span> <span class='ocrx_word' id='word_1_21' title='bbox 1077 887 1213 955; x_wconf 86' lang='lat' dir='ltr'><strong>animum</strong></span> <span class='ocrx_word' id='word_1_22' title='bbox 1246 903 1308 954; x_wconf 67' lang='lat' dir='ltr'><strong>exe·</strong></span> 
     </span>
    </p>

    <p class='ocr_par' dir='ltr' id='par_1_3' title="bbox 372 999 1300 1085">
     <span class='ocr_line' id='line_1_5' title="bbox 372 999 1300 1085; baseline 0.003 -20"><span class='ocrx_word' id='word_1_23' title='bbox 372 1001 491 1084; x_wconf 69' lang='lat' dir='ltr'><strong>pluant.</strong></span> <span class='ocrx_word' id='word_1_24' title='bbox 535 1000 631 1085; x_wconf 84' lang='lat' dir='ltr'><strong>Ergo·</strong></span> <span class='ocrx_word' id='word_1_25' title='bbox 654 1019 711 1069; x_wconf 86' lang='lat' dir='ltr'><strong>nac</strong></span> <span class='ocrx_word' id='word_1_26' title='bbox 743 1001 871 1071; x_wconf 88' lang='lat' dir='ltr'><strong>Socrati.</strong></span> <span class='ocrx_word' id='word_1_27' title='bbox 893 999 1075 1071; x_wconf 78' lang='lat' dir='ltr'>satisfacere</span> <span class='ocrx_word' id='word_1_28' title='bbox 1115 1003 1190 1070; x_wconf 85' lang='lat' dir='ltr'><strong>haec</strong></span> <span class='ocrx_word' id='word_1_29' title='bbox 1220 1002 1300 1069; x_wconf 86' lang='lat' dir='ltr'><strong>ratio</strong></span> 
     </span>
    </p>

    <p class='ocr_par' dir='ltr' id='par_1_4' title="bbox 375 1118 1358 1548">
     <span class='ocr_line' id='line_1_6' title="bbox 375 1118 1313 1204; baseline -0.005 -17"><span class='ocrx_word' id='word_1_30' title='bbox 375 1135 437 1187; x_wconf 81' lang='lat' dir='ltr'><strong>nee</strong></span> <span class='ocrx_word' id='word_1_31' title='bbox 463 1134 549 1184; x_wconf 48' lang='lat' dir='ltr'><strong>vero*</strong></span> <span class='ocrx_word' id='word_1_32' title='bbox 561 1118 684 1186; x_wconf 77' lang='lat' dir='ltr'><strong>Blatoni</strong></span> <span class='ocrx_word' id='word_1_33' title='bbox 712 1119 843 1204; x_wconf 83' lang='lat' dir='ltr'><strong>potuit:</strong></span> <span class='ocrx_word' id='word_1_34' title='bbox 863 1136 1002 1201; x_wconf 85' lang='lat' dir='ltr'><strong>uterque</strong></span> <span class='ocrx_word' id='word_1_35' title='bbox 1013 1133 1119 1201; x_wconf 85' lang='lat' dir='ltr'><strong>certa,</strong></span> <span class='ocrx_word' id='word_1_36' title='bbox 1133 1120 1234 1188; x_wconf 87' lang='lat' dir='ltr'><strong>.Plato.</strong></span> <span class='ocrx_word' id='word_1_37' title='bbox 1250 1138 1313 1186; x_wconf 68' lang='lat' dir='ltr'><strong>uo,</strong></span> 
     </span>
     <span class='ocr_line' id='line_1_7' title="bbox 376 1233 1312 1318; baseline -0.001 -18"><span class='ocrx_word' id='word_1_38' title='bbox 376 1251 415 1300; x_wconf 80' lang='lat' dir='ltr'><strong>au</strong></span> <span class='ocrx_word' id='word_1_39' title='bbox 432 1252 530 1317; x_wconf 74' lang='lat' dir='ltr'><strong>quae.</strong></span> <span class='ocrx_word' id='word_1_40' title='bbox 551 1233 715 1318; x_wconf 81' lang='lat' dir='ltr'><strong>perfecta,</strong></span> <span class='ocrx_word' id='word_1_41' title='bbox 737 1254 818 1316; x_wconf 83' lang='lat' dir='ltr'><strong>quae</strong></span> <span class='ocrx_word' id='word_1_42' title='bbox 844 1234 1068 1314; x_wconf 68' lang='lat' dir='ltr'>immutabilia,</span> <span class='ocrx_word' id='word_1_43' title='bbox 1099 1254 1180 1315; x_wconf 87' lang='lat' dir='ltr'><strong>quae</strong></span> <span class='ocrx_word' id='word_1_44' title='bbox 1208 1250 1312 1303; x_wconf 67' lang='lat' dir='ltr'><strong>aetem.</strong></span> 
     </span>
     <span class='ocr_line' id='line_1_8' title="bbox 378 1347 1358 1436; baseline -0.002 -17"><span class='ocrx_word' id='word_1_45' title='bbox 378 1369 427 1419; x_wconf 78' lang='lat' dir='ltr'><strong>aa</strong></span> <span class='ocrx_word' id='word_1_46' title='bbox 445 1366 581 1434; x_wconf 65' lang='lat' dir='ltr'><strong>essem,</strong></span> <span class='ocrx_word' id='word_1_47' title='bbox 604 1352 789 1436; x_wconf 58' lang='lat' dir='ltr'><strong>quaerebat„</strong></span> <span class='ocrx_word' id='word_1_48' title='bbox 825 1347 1038 1433; x_wconf 86' lang='lat' dir='ltr'><strong>Quamobrem</strong></span> <span class='ocrx_word' id='word_1_49' title='bbox 1071 1365 1150 1428; x_wconf 89' lang='lat' dir='ltr'><strong>quae</strong></span> <span class='ocrx_word' id='word_1_50' title='bbox 1177 1351 1217 1415; x_wconf 88' lang='lat' dir='ltr'><strong>de</strong></span> <span class='ocrx_word' id='word_1_51' title='bbox 1245 1352 1312 1418; x_wconf 67' lang='lat' dir='ltr'><strong>So,</strong></span> <span class='ocrx_word' id='word_1_52' title='bbox 1354 1366 1358 1374; x_wconf 85' lang='lat'>·</span> 
     </span>
     <span class='ocr_line' id='line_1_9' title="bbox 379 1462 1314 1548; baseline -0.003 -15"><span class='ocrx_word' id='word_1_53' title='bbox 379 1484 468 1536; x_wconf 81' lang='lat' dir='ltr'><strong>crate</strong></span> <span class='ocrx_word' id='word_1_54' title='bbox 492 1467 635 1532; x_wconf 87' lang='lat' dir='ltr'><strong>feruutur</strong></span> <span class='ocrx_word' id='word_1_55' title='bbox 654 1481 687 1531; x_wconf 89' lang='lat' dir='ltr'><strong>et</strong></span> <span class='ocrx_word' id='word_1_56' title='bbox 709 1464 778 1548; x_wconf 85' lang='lat' dir='ltr'><strong>ipse</strong></span> <span class='ocrx_word' id='word_1_57' title='bbox 795 1465 835 1531; x_wconf 92' lang='lat' dir='ltr'><strong>de</strong></span> <span class='ocrx_word' id='word_1_58' title='bbox 854 1483 889 1531; x_wconf 85' lang='lat' dir='ltr'><strong>se</strong></span> <span class='ocrx_word' id='word_1_59' title='bbox 909 1462 1074 1546; x_wconf 86' lang='lat' dir='ltr'><strong>professus</strong></span> <span class='ocrx_word' id='word_1_60' title='bbox 1097 1463 1212 1530; x_wconf 90' lang='lat' dir='ltr'><strong>Cicero</strong></span> <span class='ocrx_word' id='word_1_61' title='bbox 1233 1480 1283 1531; x_wconf 85' lang='lat' dir='ltr'><strong>est</strong></span> <span class='ocrx_word' id='word_1_62' title='bbox 1295 1513 1314 1546; x_wconf 85' lang='lat'><strong><em>,</em></strong></span> 
     </span>
    </p>
   </div>
   <div class='ocr_carea' id='block_1_3' title="bbox 359 1580 1316 2235">
    <p class='ocr_par' dir='ltr' id='par_1_5' title="bbox 359 1580 1316 2235">
     <span class='ocr_line' id='line_1_10' title="bbox 366 1580 1312 1663; baseline -0.001 -20"><span class='ocrx_word' id='word_1_63' title='bbox 366 1582 551 1649; x_wconf 68' lang='lat' dir='ltr'><strong>monhaut</strong></span> <span class='ocrx_word' id='word_1_64' title='bbox 575 1581 668 1663; x_wconf 76' lang='lat' dir='ltr'><strong>‚apud</strong></span> <span class='ocrx_word' id='word_1_65' title='bbox 696 1599 756 1648; x_wconf 85' lang='lat' dir='ltr'><strong>nos</strong></span> <span class='ocrx_word' id='word_1_66' title='bbox 783 1581 852 1649; x_wconf 90' lang='lat' dir='ltr'><strong>viru</strong></span> <span class='ocrx_word' id='word_1_67' title='bbox 877 1581 992 1648; x_wconf 90' lang='lat' dir='ltr'><strong>debent</strong></span> <span class='ocrx_word' id='word_1_68' title='bbox 1020 1580 1158 1661; x_wconf 84' lang='lat' dir='ltr'><strong>habere,</strong></span> <span class='ocrx_word' id='word_1_69' title='bbox 1190 1595 1229 1646; x_wconf 89' lang='lat' dir='ltr'><strong>ut</strong></span> <span class='ocrx_word' id='word_1_70' title='bbox 1258 1581 1312 1648; x_wconf 59' lang='lat' dir='ltr'><strong>ina</strong></span> 
     </span>
     <span class='ocr_line' id='line_1_11' title="bbox 359 1697 1313 1782; baseline -0.003 -18"><span class='ocrx_word' id='word_1_71' title='bbox 359 1712 430 1776; x_wconf 74' lang='lat' dir='ltr'><strong>ter.</strong></span> <span class='ocrx_word' id='word_1_72' title='bbox 442 1697 669 1781; x_wconf 80' lang='lat' dir='ltr'><strong>scepticamet</strong></span> <span class='ocrx_word' id='word_1_73' title='bbox 681 1699 885 1782; x_wconf 69' lang='lat' dir='ltr'><strong>dogmaticam</strong></span> <span class='ocrx_word' id='word_1_74' title='bbox 906 1698 1057 1765; x_wconf 86' lang='lat' dir='ltr'><strong>rationem</strong></span> <span class='ocrx_word' id='word_1_75' title='bbox 1080 1698 1212 1764; x_wconf 83' lang='lat' dir='ltr'><strong>mediam</strong></span> <span class='ocrx_word' id='word_1_76' title='bbox 1230 1697 1313 1765; x_wconf 67' lang='lat' dir='ltr'><strong>fuis.</strong></span> 
     </span>
     <span class='ocr_line' id='line_1_12' title="bbox 383 1815 1314 1898; baseline -0.002 -15"><span class='ocrx_word' id='word_1_77' title='bbox 383 1833 422 1883; x_wconf 84' lang='lat' dir='ltr'><strong>se</strong></span> <span class='ocrx_word' id='word_1_78' title='bbox 441 1815 633 1883; x_wconf 85' lang='lat' dir='ltr'><strong>Platonicam</strong></span> <span class='ocrx_word' id='word_1_79' title='bbox 655 1833 815 1898; x_wconf 89' lang='lat' dir='ltr'><strong>putemus.</strong></span> <span class='ocrx_word' id='word_1_80' title='bbox 859 1817 1056 1898; x_wconf 84' lang='lat' dir='ltr'><strong>imovero,</strong></span> <span class='ocrx_word' id='word_1_81' title='bbox 1078 1830 1114 1882; x_wconf 92' lang='lat' dir='ltr'><strong>ut</strong></span> <span class='ocrx_word' id='word_1_82' title='bbox 1143 1815 1314 1896; x_wconf 77' lang='lat' dir='ltr'><strong>Socrates,</strong></span> 
     </span>
     <span class='ocr_line' id='line_1_13' title="bbox 384 1931 1315 2032; baseline -0.004 -31"><span class='ocrx_word' id='word_1_83' title='bbox 384 1933 427 2001; x_wconf 86' lang='lat' dir='ltr'><strong>ita</strong></span> <span class='ocrx_word' id='word_1_84' title='bbox 452 1933 554 2001; x_wconf 84' lang='lat' dir='ltr'><strong>Plato</strong></span> <span class='ocrx_word' id='word_1_85' title='bbox 573 1951 675 2032; x_wconf 18' lang='lat' dir='ltr'><strong>&#39;suam</strong></span> <span class='ocrx_word' id='word_1_86' title='bbox 707 1932 768 1998; x_wconf 88' lang='lat' dir='ltr'><strong>sibi</strong></span> <span class='ocrx_word' id='word_1_87' title='bbox 799 1931 968 2016; x_wconf 76' lang='lat' dir='ltr'><strong>patefecit,</strong></span> <span class='ocrx_word' id='word_1_88' title='bbox 1010 1952 1073 2016; x_wconf 91' lang='lat' dir='ltr'><strong>qua</strong></span> <span class='ocrx_word' id='word_1_89' title='bbox 1108 1933 1141 1998; x_wconf 92' lang='lat' dir='ltr'><strong>in</strong></span> <span class='ocrx_word' id='word_1_90' title='bbox 1170 1932 1315 2018; x_wconf 86' lang='lat' dir='ltr'><strong>philoso-</strong></span> 
     </span>
     <span class='ocr_line' id='line_1_14' title="bbox 384 2049 1316 2145; baseline 0.002 -29"><span class='ocrx_word' id='word_1_91' title='bbox 384 2049 468 2134; x_wconf 77' lang='lat' dir='ltr'><strong>phia,</strong></span> <span class='ocrx_word' id='word_1_92' title='bbox 487 2050 748 2133; x_wconf 57' lang='lat' dir='ltr'><strong>puogredeteuu,</strong></span> <span class='ocrx_word' id='word_1_93' title='bbox 785 2051 894 2145; x_wconf 11' lang='lat' dir='ltr'><strong>nciam,</strong></span> <span class='ocrx_word' id='word_1_94' title='bbox 924 2069 1054 2135; x_wconf 87' lang='lat' dir='ltr'><strong>eamque</strong></span> <span class='ocrx_word' id='word_1_95' title='bbox 1081 2049 1196 2119; x_wconf 83' lang='lat' dir='ltr'><strong>Cicero</strong></span> <span class='ocrx_word' id='word_1_96' title='bbox 1221 2049 1316 2118; x_wconf 79' lang='lat' dir='ltr'><strong>unico</strong></span> 
     </span>
     <span class='ocr_line' id='line_1_15' title="bbox 383 2165 682 2235; baseline 0.003 -1"><span class='ocrx_word' id='word_1_97' title='bbox 383 2165 556 2235; x_wconf 73' lang='lat' dir='ltr'><strong>demiratus</strong></span> <span class='ocrx_word' id='word_1_98' title='bbox 569 2179 639 2235; x_wconf 79' lang='lat' dir='ltr'><strong>est..</strong></span> <span class='ocrx_word' id='word_1_99' title='bbox 677 2166 682 2175; x_wconf 87' lang='grc'><strong>’</strong></span> 
     </span>
    </p>
   </div>
   <div class='ocr_carea' id='block_1_4' title="bbox 410 2407 1310 2707">
    <p class='ocr_par' dir='ltr' id='par_1_6' title="bbox 410 2407 1310 2707">
     <span class='ocr_line' id='line_1_16' title="bbox 600 2407 1234 2502; baseline -0.014 -21"><span class='ocrx_word' id='word_1_100' title='bbox 600 2410 1051 2502; x_wconf 71' lang='lat' dir='ltr'><strong>PropriaPlutonis</strong></span> <span class='ocrx_word' id='word_1_101' title='bbox 1083 2407 1121 2475; x_wconf 78' lang='lat' dir='ltr'><strong>de</strong></span> <span class='ocrx_word' id='word_1_102' title='bbox 1231 2496 1234 2502; x_wconf 21' lang='grc' dir='ltr'>Ι</span> 
     </span>
     <span class='ocr_line' id='line_1_17' title="bbox 410 2523 1310 2622; baseline -0.012 -22"><span class='ocrx_word' id='word_1_103' title='bbox 410 2536 616 2622; x_wconf 72' lang='lat' dir='ltr'><strong>opinio-nc</strong></span> <span class='ocrx_word' id='word_1_104' title='bbox 644 2545 686 2596; x_wconf 77' lang='lat' dir='ltr'><strong>ot</strong></span> <span class='ocrx_word' id='word_1_105' title='bbox 715 2527 920 2594; x_wconf 69' lang='lat' dir='ltr'><strong>scicntia</strong></span> <span class='ocrx_word' id='word_1_106' title='bbox 949 2523 1310 2614; x_wconf 74' lang='lat' dir='ltr'><strong>philosophandi-</strong></span> 
     </span>
     <span class='ocr_line' id='line_1_18' title="bbox 787 2645 929 2707; baseline 0 0"><span class='ocrx_word' id='word_1_107' title='bbox 787 2645 929 2707; x_wconf 78' lang='lat' dir='ltr'><strong>ratio.</strong></span> 
     </span>
    </p>
   </div>
   <div class='ocr_carea' id='block_1_5' title="bbox 387 2865 1352 4240">
    <p class='ocr_par' dir='ltr' id='par_1_7' title="bbox 387 2865 1352 4135">
     <span class='ocr_line' id='line_1_19' title="bbox 428 2865 1321 2954; baseline -0.002 -17"><span class='ocrx_word' id='word_1_108' title='bbox 428 2868 465 2938; x_wconf 81' lang='lat' dir='ltr'><strong>sl</strong></span> <span class='ocrx_word' id='word_1_109' title='bbox 496 2867 661 2954; x_wconf 87' lang='lat' dir='ltr'><strong>propriam·</strong></span> <span class='ocrx_word' id='word_1_110' title='bbox 676 2867 754 2932; x_wconf 85' lang='lat' dir='ltr'><strong>hanc</strong></span> <span class='ocrx_word' id='word_1_111' title='bbox 776 2867 901 2949; x_wconf 80' lang='lat' dir='ltr'><strong>assequi</strong></span> <span class='ocrx_word' id='word_1_112' title='bbox 923 2865 1061 2934; x_wconf 83' lang='lat' dir='ltr'><strong>Platonis</strong></span> <span class='ocrx_word' id='word_1_113' title='bbox 1090 2867 1243 2934; x_wconf 89' lang='lat' dir='ltr'><strong>rationem</strong></span> <span class='ocrx_word' id='word_1_114' title='bbox 1265 2886 1321 2935; x_wconf 89' lang='lat' dir='ltr'><strong>ve·</strong></span> 
     </span>
     <span class='ocr_line' id='line_1_20' title="bbox 387 2982 1323 3069; baseline -0.003 -16"><span class='ocrx_word' id='word_1_115' title='bbox 387 2985 507 3069; x_wconf 78' lang='lat' dir='ltr'><strong>limus,</strong></span> <span class='ocrx_word' id='word_1_116' title='bbox 529 3004 594 3052; x_wconf 88' lang='lat' dir='ltr'><strong>nou</strong></span> <span class='ocrx_word' id='word_1_117' title='bbox 622 2986 725 3053; x_wconf 88' lang='lat' dir='ltr'><strong>solum</strong></span> <span class='ocrx_word' id='word_1_118' title='bbox 746 3001 835 3064; x_wconf 89' lang='lat' dir='ltr'><strong>non,</strong></span> <span class='ocrx_word' id='word_1_119' title='bbox 868 2999 904 3050; x_wconf 92' lang='lat' dir='ltr'><strong>ut</strong></span> <span class='ocrx_word' id='word_1_120' title='bbox 932 2982 1075 3050; x_wconf 83' lang='lat' dir='ltr'><strong>focerunt</strong></span> <span class='ocrx_word' id='word_1_121' title='bbox 1100 3003 1193 3067; x_wconf 89' lang='lat' dir='ltr'><strong>quam</strong></span> <span class='ocrx_word' id='word_1_122' title='bbox 1221 2984 1323 3069; x_wconf 90' lang='lat' dir='ltr'><strong>pluri·</strong></span> 
     </span>
     <span class='ocr_line' id='line_1_21' title="bbox 387 3100 1320 3186; baseline -0.004 -15"><span class='ocrx_word' id='word_1_123' title='bbox 387 3105 454 3185; x_wconf 90' lang='lat' dir='ltr'><strong>mi,</strong></span> <span class='ocrx_word' id='word_1_124' title='bbox 485 3123 505 3171; x_wconf 93' lang='lat' dir='ltr'><strong>e</strong></span> <span class='ocrx_word' id='word_1_125' title='bbox 537 3101 717 3171; x_wconf 90' lang='lat' dir='ltr'><strong>Stoicorum</strong></span> <span class='ocrx_word' id='word_1_126' title='bbox 747 3100 954 3185; x_wconf 78' lang='lat' dir='ltr'><strong>philosoplis</strong></span> <span class='ocrx_word' id='word_1_127' title='bbox 987 3101 1183 3185; x_wconf 88' lang='lat' dir='ltr'><strong>interpretari</strong></span> <span class='ocrx_word' id='word_1_128' title='bbox 1213 3103 1320 3186; x_wconf 85' lang='lat' dir='ltr'><strong>illam,</strong></span> 
     </span>
     <span class='ocr_line' id='line_1_22' title="bbox 390 3217 1352 3304; baseline 0.001 -15"><span class='ocrx_word' id='word_1_129' title='bbox 390 3223 505 3289; x_wconf 85' lang='lat' dir='ltr'><strong>nedum</strong></span> <span class='ocrx_word' id='word_1_130' title='bbox 533 3239 553 3288; x_wconf 87' lang='lat' dir='ltr'><strong>e</strong></span> <span class='ocrx_word' id='word_1_131' title='bbox 578 3217 759 3287; x_wconf 84' lang='lat' dir='ltr'><strong>recentioris</strong></span> <span class='ocrx_word' id='word_1_132' title='bbox 787 3218 972 3295; x_wconf 78' lang='lat' dir='ltr'><strong>Academiae</strong></span> <span class='ocrx_word' id='word_1_133' title='bbox 997 3220 1121 3303; x_wconf 89' lang='lat' dir='ltr'><strong>placitis</strong></span> <span class='ocrx_word' id='word_1_134' title='bbox 1145 3220 1352 3304; x_wconf 66' lang='lat' dir='ltr'><strong>dehemuse.</strong></span> 
     </span>
     <span class='ocr_line' id='line_1_23' title="bbox 387 3335 1324 3420; baseline -0.003 -15"><span class='ocrx_word' id='word_1_135' title='bbox 387 3338 451 3407; x_wconf 84' lang='lat' dir='ltr'><strong>&#39;sod</strong></span> <span class='ocrx_word' id='word_1_136' title='bbox 476 3335 707 3406; x_wconf 75' lang='lat' dir='ltr'><strong>accuratissime</strong></span> <span class='ocrx_word' id='word_1_137' title='bbox 735 3336 827 3402; x_wconf 88' lang='lat' dir='ltr'><strong>nobis</strong></span> <span class='ocrx_word' id='word_1_138' title='bbox 858 3336 948 3403; x_wconf 87' lang='lat' dir='ltr'><strong>Plato</strong></span> <span class='ocrx_word' id='word_1_139' title='bbox 974 3335 1012 3401; x_wconf 90' lang='lat' dir='ltr'><strong>ab</strong></span> <span class='ocrx_word' id='word_1_140' title='bbox 1042 3336 1092 3401; x_wconf 91' lang='lat' dir='ltr'><strong>his</strong></span> <span class='ocrx_word' id='word_1_141' title='bbox 1120 3335 1324 3420; x_wconf 82' lang='lat' dir='ltr'><strong>philosophis</strong></span> 
     </span>
     <span class='ocr_line' id='line_1_24' title="bbox 394 3451 1327 3539; baseline -0.001 -18"><span class='ocrx_word' id='word_1_142' title='bbox 394 3453 641 3539; x_wconf 81' lang='lat' dir='ltr'><strong>distinguendus.</strong></span> <span class='ocrx_word' id='word_1_143' title='bbox 657 3465 718 3518; x_wconf 88' lang='lat' dir='ltr'><strong>est.</strong></span> <span class='ocrx_word' id='word_1_144' title='bbox 751 3453 927 3518; x_wconf 82' lang='lat' dir='ltr'><strong>·Vixerunt</strong></span> <span class='ocrx_word' id='word_1_145' title='bbox 941 3453 1075 3518; x_wconf 77' lang='lat' dir='ltr'><strong>scilicet</strong></span> <span class='ocrx_word' id='word_1_146' title='bbox 1102 3451 1149 3518; x_wconf 88' lang='lat' dir='ltr'><strong>iili</strong></span> <span class='ocrx_word' id='word_1_147' title='bbox 1174 3471 1246 3519; x_wconf 84' lang='lat' dir='ltr'><strong>non</strong></span> <span class='ocrx_word' id='word_1_148' title='bbox 1271 3472 1327 3520; x_wconf 87' lang='lat' dir='ltr'><strong>au·</strong></span> 
     </span>
     <span class='ocr_line' id='line_1_25' title="bbox 398 3568 1326 3653; baseline 0.001 -15"><span class='ocrx_word' id='word_1_149' title='bbox 398 3576 474 3653; x_wconf 79' lang='lat' dir='ltr'><strong>rea,</strong></span> <span class='ocrx_word' id='word_1_150' title='bbox 496 3570 632 3637; x_wconf 78' lang='lat' dir='ltr'><strong>sedisti</strong></span> <span class='ocrx_word' id='word_1_151' title='bbox 661 3570 804 3636; x_wconf 86' lang='lat' dir='ltr'><strong>videlicet</strong></span> <span class='ocrx_word' id='word_1_152' title='bbox 835 3570 1055 3653; x_wconf 88' lang='lat' dir='ltr'><strong>philosophiae</strong></span> <span class='ocrx_word' id='word_1_153' title='bbox 1081 3568 1225 3638; x_wconf 81' lang='lat' dir='ltr'><strong>Graecae</strong></span> <span class='ocrx_word' id='word_1_154' title='bbox 1243 3584 1326 3638; x_wconf 78' lang='lat' dir='ltr'><strong>aeta·</strong></span> 
     </span>
     <span class='ocr_line' id='line_1_26' title="bbox 390 3685 1325 3776; baseline -0.001 -20"><span class='ocrx_word' id='word_1_155' title='bbox 390 3700 459 3769; x_wconf 84' lang='lat' dir='ltr'><strong>&#39;te‚-</strong></span> <span class='ocrx_word' id='word_1_156' title='bbox 488 3705 550 3768; x_wconf 89' lang='lat' dir='ltr'><strong>qua</strong></span> <span class='ocrx_word' id='word_1_157' title='bbox 573 3687 677 3755; x_wconf 81' lang='lat' dir='ltr'><strong>nativa</strong></span> <span class='ocrx_word' id='word_1_158' title='bbox 695 3686 940 3771; x_wconf 89' lang='lat' dir='ltr'><strong>philosophandi</strong></span> <span class='ocrx_word' id='word_1_159' title='bbox 966 3685 1114 3776; x_wconf 83' lang='lat' dir='ltr'><strong>facultate</strong></span> <span class='ocrx_word' id='word_1_160' title='bbox 1150 3688 1263 3755; x_wconf 90' lang='lat' dir='ltr'><strong>Graeci</strong></span> <span class='ocrx_word' id='word_1_161' title='bbox 1290 3701 1325 3755; x_wconf 79' lang='lat' dir='ltr'><strong>ot</strong></span> 
     </span>
     <span class='ocr_line' id='line_1_27' title="bbox 397 3786 1327 3890; baseline -0.004 -16"><span class='ocrx_word' id='word_1_162' title='bbox 397 3806 509 3890; x_wconf 84' lang='lat' dir='ltr'><strong>vigore</strong></span> <span class='ocrx_word' id='word_1_163' title='bbox 535 3803 589 3868; x_wconf 87' lang='lat' dir='ltr'><strong>illo</strong></span> <span class='ocrx_word' id='word_1_164' title='bbox 619 3823 679 3871; x_wconf 90' lang='lat' dir='ltr'><strong>suo</strong></span> <span class='ocrx_word' id='word_1_165' title='bbox 702 3802 831 3870; x_wconf 88' lang='lat' dir='ltr'><strong>destitui</strong></span> <span class='ocrx_word' id='word_1_166' title='bbox 860 3786 1054 3886; x_wconf 67' lang='lat' dir='ltr'><strong>coeperant.⁴</strong></span> <span class='ocrx_word' id='word_1_167' title='bbox 1084 3805 1194 3888; x_wconf 85' lang='lat' dir='ltr'><strong>ltaque</strong></span> <span class='ocrx_word' id='word_1_168' title='bbox 1214 3804 1327 3871; x_wconf 83' lang='lat' dir='ltr'><strong>novitii</strong></span> 
     </span>
     <span class='ocr_line' id='line_1_28' title="bbox 402 3919 1330 4005; baseline -0.001 -18"><span class='ocrx_word' id='word_1_169' title='bbox 402 3920 578 3988; x_wconf 85' lang='lat' dir='ltr'><strong>Academici</strong></span> <span class='ocrx_word' id='word_1_170' title='bbox 609 3920 640 3986; x_wconf 89' lang='lat' dir='ltr'><strong>id</strong></span> <span class='ocrx_word' id='word_1_171' title='bbox 665 3919 833 4004; x_wconf 87' lang='lat' dir='ltr'><strong>crepabant</strong></span> <span class='ocrx_word' id='word_1_172' title='bbox 863 3920 978 4004; x_wconf 84' lang='lat' dir='ltr'><strong>unice,</strong></span> <span class='ocrx_word' id='word_1_173' title='bbox 1002 3924 1088 4005; x_wconf 90' lang='lat' dir='ltr'><strong>quod</strong></span> <span class='ocrx_word' id='word_1_174' title='bbox 1112 3923 1197 4005; x_wconf 85' lang='lat' dir='ltr'><strong>apud</strong></span> <span class='ocrx_word' id='word_1_175' title='bbox 1222 3923 1330 4001; x_wconf 87' lang='lat' dir='ltr'><strong>Plato·</strong></span> 
     </span>
     <span class='ocr_line' id='line_1_29' title="bbox 391 4035 1328 4135; baseline -0.003 -28"><span class='ocrx_word' id='word_1_176' title='bbox 391 4055 478 4122; x_wconf 67' lang='lat' dir='ltr'><strong>,uem</strong></span> <span class='ocrx_word' id='word_1_177' title='bbox 498 4035 714 4129; x_wconf 85' lang='lat' dir='ltr'><strong>reperiebant,</strong></span> <span class='ocrx_word' id='word_1_178' title='bbox 745 4035 890 4115; x_wconf 83' lang='lat' dir='ltr'><strong>sensibus</strong></span> <span class='ocrx_word' id='word_1_179' title='bbox 912 4054 978 4104; x_wconf 88' lang='lat' dir='ltr'><strong>nou</strong></span> <span class='ocrx_word' id='word_1_180' title='bbox 991 4035 1089 4119; x_wconf 25' lang='lat' dir='ltr'><strong>&#39;fidem</strong></span> <span class='ocrx_word' id='word_1_181' title='bbox 1113 4056 1183 4135; x_wconf 77' lang='lat' dir='ltr'><strong>essa</strong></span> <span class='ocrx_word' id='word_1_182' title='bbox 1210 4039 1328 4120; x_wconf 67' lang='lat' dir='ltr'><strong>haliep-</strong></span> 
     </span>
    </p>

    <p class='ocr_par' dir='ltr' id='par_1_8' title="bbox 1233 4151 1326 4240">
     <span class='ocr_line' id='line_1_30' title="bbox 1233 4151 1326 4240; baseline 0.011 -20"><span class='ocrx_word' id='word_1_183' title='bbox 1233 4151 1326 4240; x_wconf 84' lang='lat' dir='ltr'><strong>dam3</strong></span> 
     </span>
    </p>
   </div>
   <div class='ocr_carea' id='block_1_6' title="bbox 0 0 1479 5168">
    <p class='ocr_par' dir='ltr' id='par_1_9' title="bbox 0 0 1479 5168">
     <span class='ocr_line' id='line_1_31' title="bbox 0 0 1479 5168; baseline 0 0"><span class='ocrx_word' id='word_1_184' title='bbox 0 0 1479 5168; x_wconf 95' lang='lat' dir='ltr'><strong> </strong></span> 
     </span>
    </p>
   </div>
  </div>
 </body>
</html>
