2896 5168
613 445 808 522 ..146-

251 642 351 696 autem
364 641 472 692 custos
485 624 537 690 iile
555 629 687 705 tinae,
709 634 834 706 μουσικῇ
848 626 1037 706 κεκραμένος·
1048 620 1080 697 rc
1090 624 1176 704 aruc

254 748 469 828 ἐγγενόμενος,
484 747 579 826 σωτὴρ
589 746 697 825 ἀρετῆς
709 745 757 811 διὰ
767 744 836 823 βίον
845 744 949 811 ἐνοικεῖ
956 744 998 826 τῷ
1008 742 1122 825 ἔχοντα·
1135 737 1177 806 (¹)

250 865 384 941 ratio,
415 857 536 925 musicd
562 873 761 943 temperara;
791 879 872 944 quac
898 859 963 924 sola
979 879 1047 923 cum
1069 857 1177 941 adest,

247 997 442 1066 peromnem
465 979 587 1056 uitam,
619 978 671 1058 ei,
698 980 754 1062 qui
783 979 882 1063 ipsam
915 991 1022 1056 rencs,
1052 980 1182 1043 virtutis

250 1094 364 1162 insidet
383 1098 600 1161 conservatrix
614 1092 670 1161 (θ).

300 1211 388 1278 Talis
415 1211 511 1293 igitur
523 1212 649 1295 juvenis
671 1209 906 1291 timueraticus,
935 1211 959 1275 i.
979 1229 1008 1276 e.
1043 1209 1187 1276 timocra·

257 1327 336 1392 ticae
355 1327 474 1393 civitati
494 1328 605 1394 similis
625 1344 684 1395 est.
709 1328 771 1394 Sed
787 1320 852 1409 quo
869 1326 1000 1394 interius
1019 1327 1106 1393 Plato
1127 1347 1186 1411 op·

258 1443 348 1509 timae
365 1459 490 1510 naturae
506 1444 738 1527 corruptionem
756 1444 901 1527 indaget,
922 1444 1068 1526 illamque
1085 1443 1125 1510 ab
1136 1444 1184 1528 ip-

259 1559 304 1626 sis
333 1560 431 1626 initiis
459 1564 609 1642 deducat,
639 1561 736 1643 exigit
754 1581 817 1629 eam
841 1564 879 1628 ad
898 1562 1033 1645 optimae
1053 1562 1188 1629 civitatis

260 1679 505 1762 corruptionem.
543 1679 593 1745 Fit
618 1682 688 1747 talis
707 1662 793 1759 fere',
815 1680 858 1745 ait
880 1680 1045 1759 Socrates,
1064 1678 1191 1763 juvenis

260 1797 339 1877 ille,
363 1797 613 1878 quandoquidem
636 1812 754 1879 patrem
775 1796 868 1862 habet
886 1795 1026 1874 bonum,
1055 1798 1111 1862 sed
1138 1795 1195 1877 qui

265 1913 444 1979 incivitate
466 1932 530 1979 non
550 1914 629 1979 benc
648 1913 815 1995 gubernata
837 1912 1004 1991 habitans,
1033 1914 1193 1995 honores,

262 2029 458 2113 principatus
479 2048 513 2094 ac
531 2029 646 2113 judicia
663 2028 769 2111 fugit3
790 2044 918 2094 matrem
937 2048 1037 2111 vcro,
1056 2028 1193 2112 quaein·

266 2146 430 2227 dignatur,
456 2145 579 2225 quoties
607 2145 748 2210 maritum
778 2144 862 2210 videt
889 2147 1001 2210 horum
1030 2148 1195 2229 omnium,

269 2261 407 2343 itemque
431 2260 651 2344 pecuniarum,
680 2263 947 2344 negligentiorem.
990 2263 1093 2329 Facile
1121 2264 1197 2330 haec

269 2378 335 2444 filio
357 2378 456 2457 dicit,
476 2378 620 2460 ignavum
640 2379 702 2462 ipsi
720 2395 837 2462 patrem
856 2397 924 2445 esse
939 2380 1133 2464 nimiumque
1150 2400 1200 2447 re·
1252 2376 1257 2383 ’

270 2495 400 2560 missum
431 2510 463 2559 et
489 2493 569 2575 aria,
602 2514 681 2576 quae
710 2500 748 2563 de
774 2497 890 2562 talibus
915 2496 1029 2579 garrire
1056 2498 1201 2565 mulieres

270 2628 515 2678 consueverunt.
560 2611 649 2677 Talia
679 2613 751 2678 item
782 2610 1018 2695 famulipueris
1041 2615 1201 2680 inaurem

273 2731 406 2810 dicunt,
429 2747 461 2796 ct
484 2731 624 2813 siquem
653 2729 787 2796 viderint
809 2733 858 2796 vel
878 2731 1024 2813 pecunias
1046 2733 1125 2813 patri
1145 2732 1201 2797 de-

276 2850 425 2930 bentem,
454 2867 545 2930 quem
570 2848 638 2930 ipse
660 2866 725 2914 non
747 2848 779 2911 in
798 2849 849 2932 jus
874 2864 990 2928 vocat,
1012 2850 1062 2913 vel
1081 2849 1113 2913 in
1134 2848 1205 2916 aliis

275 2984 474 3050 peccantem,
498 2966 623 3031 edicunt
643 2984 767 3047 puero,
796 2969 823 3029 si
850 2968 972 3046 quando
1000 2967 1048 3030 vIr
1075 2967 1205 3047 evadat,

280 3103 389 3149 omnes
417 3086 493 3147 tales
527 3083 717 3161 ulciscatur,
749 3082 860 3163 virque
891 3082 987 3163 magis
1018 3084 1084 3163 sit,
1111 3104 1205 3166 quam

277 3213 365 3280 pater
402 3199 566 3264 exstiterit.
630 3200 794 3264 Caeterum
832 3200 926 3264 domo
956 3202 1027 3265 item
1061 3220 1206 3285 egressus

279 3335 380 3397 pucr,
401 3315 451 3380 his
473 3332 537 3379 non
563 3314 726 3379 dissimilia
749 3315 833 3379 audit
855 3315 1024 3398 videtque:
1059 3318 1204 3386 homines

277 3450 410 3514 nempe,
447 3431 502 3514 qui
531 3432 564 3496 in
591 3432 718 3498 civitate
744 3451 868 3497 suarum
901 3453 1001 3500 rerum
1035 3451 1204 3519 satagunt,

280 3548 416 3615 stolidos
435 3546 542 3614 vocari
566 3563 596 3612 et
616 3551 703 3630 parvi
724 3549 838 3631 pendi,
862 3550 1009 3631 quivero
1032 3573 1088 3618 sua
1108 3546 1208 3636 negli-

1104 3685 1209 3754 gunt,

315 3792 357 3860 (ι)
385 3792 447 3844 Νοιι
471 3789 627 3859 negligenda
653 3791 735 3842 lectio
763 3798 824 3853 cai,
853 3811 930 3861 quum
961 3801 1069 3847 securus
1095 3795 1208 3849 Ficinua

279 3879 409 3945 uidetur,
436 3885 541 3944 ἐνοικεῖ
561 3891 601 3957 τῷ
622 3885 754 3957 ἄρχοντι,
792 3880 886 3932 vettii
906 3883 976 3932 euim
994 3900 1001 3934 2
1026 3900 1081 3951 pe!
1100 3901 1207 3936 omnem

279 3979 367 4027 rutam
390 3979 522 4029 nirirrtem
539 3979 566 4027 irr
584 3994 635 4040 eo,
654 3981 704 4047 qui
718 3989 851 4048 praeest,
874 3987 975 4031 servat.
1014 3981 1055 4049 (a)
1079 3982 1204 4051 DcRep.

276 4062 360 4117 Vlli.
377 4065 438 4118 548.
457 4064 489 4115 Ε.
