2896 5168
623 416 816 523 ,ζω-

499 741 555 805 De
584 738 735 806 diviua
769 756 943 805 υσσυσσ.
1012 720 1015 725 ’

298 975 364 1037 llac
396 973 491 1056 igitur
515 973 564 1038 via
586 994 620 1038 ac
644 975 763 1040 ratione
790 975 991 1060 philosophia
1019 994 1078 1039 nos
1101 977 1183 1058 apud

255 1089 410 1153 Platonem
443 1092 479 1153 ad
509 1107 647 1156 sanctum
679 1092 885 1172 divinumque
916 1094 1032 1159 educit.
1088 1093 1185 1178 Quod

252 1224 353 1271 autem
375 1207 531 1289 diximus,
559 1209 726 1274 immunem
750 1211 817 1294 ejus
840 1211 1010 1275 doctrinam
1032 1230 1102 1275 cnm
1131 1210 1184 1277 su·-

253 1324 446 1405 perstitionis
466 1344 554 1404 esse,
577 1339 642 1390 tum
672 1327 947 1410 praejudicatarum
977 1327 1183 1410 opinionum,

254 1439 307 1520 id,
331 1442 376 1504 uti
402 1462 420 1505 e
444 1441 537 1507 dictis
560 1443 763 1524 intelligitur,
792 1444 834 1508 ita
854 1460 917 1508 tum
941 1444 1035 1509 nohis
1056 1444 1185 1508 maxime

253 1558 394 1640 patebit,
429 1561 481 1624 uhi
513 1562 695 1641 praeclaram
726 1559 910 1640 philosophi
935 1562 974 1624 de
1004 1560 1106 1624 divini
1132 1579 1185 1622 na·

253 1680 324 1741 tura
345 1676 527 1740 sententiam
550 1682 798 1756 exposuerimus.
852 1677 988 1739 Prodidit
1011 1695 1074 1737 eam
1097 1676 1189 1745 Plato

253 1790 285 1854 in
306 1791 452 1875 Timaeo,·
493 1791 549 1855 sed
576 1810 640 1855 non
672 1794 852 1875 negligenda
885 1792 976 1855 nohis
1005 1810 1077 1856 sum
1110 1794 1184 1854 haec

252 1906 323 1988 ipsa
342 1907 373 1970 in
396 1908 576 1988 Phaedone,
606 1929 684 1989 quae
704 1911 888 1987 attulimus,
910 1912 947 1972 de
973 1928 1081 1972 sancto
1105 1908 1185 1973 divi-

251 2041 357 2106 noque
381 2027 469 2091 loca:
515 2046 571 2090 nce
602 2047 675 2089 vero
700 2027 825 2090 silentio
855 2029 1184 2109 praetermittendum,

253 2143 340 2223 quod
364 2145 402 2207 de
423 2144 526 2208 dienul
551 2149 659 2209 naturd
685 2146 714 2206 in
741 2143 828 2207 libris
851 2145 888 2208 dc
910 2146 1081 2231 Republica
1112 2166 1184 2226 pro·

252 2261 424 2326 nunciavit.
469 2262 651 2326 Mernoratis
675 2262 736 2324 illie
757 2267 918 2343 poitarurn
943 2264 981 2327 de
998 2265 1067 2330 nus
1089 2280 1184 2346 atque

252 2379 402 2443 heroibus
423 2379 560 2458 fabulis,
582 2379 674 2443 efficit
697 2380 767 2442 inde
790 2381 955 2458 Socrates,
980 2386 1024 2444 uri
1050 2381 1184 2445 vidimus

252 2516 366 2578 supra,
408 2512 599 2577 quantopere
628 2498 695 2559 illae
728 2497 875 2578 abjectam
911 2499 990 2562 alere
1023 2498 1182 2563 homiuum

175 2628 178 2633 ·
252 2616 504 2697 superstitionem
531 2615 673 2677 debeant.
729 2615 879 2690 Peecare,
902 2613 967 2691 uit,
990 2632 1053 2676 non
1077 2633 1184 2677 veren-

251 2747 325 2810 tur,
348 2730 621 2811 quaudoquidem,
648 2744 680 2791 nt
698 2749 714 2791 a
735 2729 847 2791 teneris
865 2729 1059 2806 didicerunt,
1082 2735 1202 2806 adum·

146 2857 150 2864 “
200 2878 203 2882 “
252 2877 286 2916 σε
311 2852 360 2915 uui
382 2850 524 2928 καθαρμοὶ
545 2849 756 2927 ultumam,
791 2848 847 2935 ire,
866 2849 966 2912 θυσιῶν
989 2849 1039 2912 uui
1062 2851 1181 2922 πυσδυῖς
1239 2872 1244 2880 ·

253 2969 375 3042 ἡδονῶν,
397 2968 452 3031 εἰσὶ
472 2967 526 3043 μὲν
548 2965 591 3030 ἔτι
612 2966 715 3044 ζῶσιν,
749 2964 803 3029 εἶσὶ
831 2967 861 3030 δὲ
890 2963 939 3028 uui
970 2966 1179 3040 centuriarum·

213 3128 216 3133 ,
253 3081 411 3146 solutiones
427 3084 689 3165 purgationesque
706 3095 777 3143 sum
798 3081 944 3142 scelerum
957 3096 1012 3163 per
1025 3078 1182 3157 sacrificia

199 3184 207 3202 '
253 3212 347 3277 atque
358 3194 500 3260 ludorum
514 3197 734 3259 oblectamenta
747 3244 756 3268 ,
776 3217 844 3259 curn
858 3200 895 3257 iit
909 3201 964 3281 qui
976 3201 1082 3259 ninam
1094 3246 1103 3273 ,
1115 3216 1180 3260 turn

252 3319 346 3376 etium
365 3316 505 3378 mortuis.
521 3311 561 3378 (Ι)
606 3313 725 3407 falsam
750 3315 825 3378 hanc
850 3316 936 3376 Plato
964 3331 993 3376 et
1016 3334 1090 3377 vero
1118 3334 1181 3378 tur·

252 3448 321 3510 pern
343 3431 381 3494 de
402 3430 507 3496 divini
528 3437 637 3497 natural
657 3430 835 3511 opinionem
856 3451 949 3494 senex
969 3435 1006 3494 de
1027 3432 1179 3496 irulustril

252 3546 415 3628 refutavit,
452 3568 521 3612 curn
553 3549 649 3632 Leges
681 3551 852 3613 scriberet:
888 3550 918 3612 in
942 3549 1001 3612 hoc
1023 3568 1122 3612 auteur
1144 3550 1182 3614 dc

1119 3668 1182 3731 Rc·

288 3860 327 3928 (t)
348 3862 472 3928 DeR'ep.
499 3859 539 3910 ll.
558 3859 617 3912 364.
631 3860 662 3915 E.
705 3859 839 3912 Similiter
867 3864 898 3912 de
919 3865 1000 3931 Lsgg.
1020 3860 1057 3910 Χ.
1076 3860 1179 3917 885,Β.

251 3953 498 4025 εὖπσιρυμυΰῆσσυς
518 3952 588 4014 εἶναι
610 3962 678 4024 eei:
700 3958 791 4026 leode,
832 3958 936 4025 θυσίης
957 3979 990 4016 σε
1010 3961 1058 4015 uui
1076 3932 1194 4030 eisaie¹

251 4072 472 4126 συμγσμσνσυς.
