2896 5168
622 444 752 521 ..ἕως
772 473 817 490 .-

253 638 298 691 cst
315 638 346 689 ct
369 642 471 690 uorax
489 620 581 688 divtis
594 620 776 705 factisque:
818 639 915 704 neque
937 632 1085 684 mutatur
1106 622 1190 706 ipsc,

255 761 352 829 neque
372 741 450 805 alios
471 736 607 821 decipit,
641 755 739 819 neque
757 753 816 821 per
839 737 987 811 visiones,
1020 756 1117 821 neque
1131 752 1193 823 per

251 877 423 931 sermones,
446 872 542 936 neque
562 853 658 936 signis
681 848 903 930 immutandis,
926 870 1023 935 neque
1040 849 1195 916 dormt’en·
1229 904 1233 914 .

251 971 333 1065 tibur
355 968 438 1034 nobis
460 988 558 1054 neque
578 966 795 1053 odgilantr‘bus.
815 966 854 1032 (¹)

627 1200 688 1266 De
721 1201 825 1283 Deo,

447 1318 653 1381 uniuersi
685 1338 770 1381 cum
802 1334 1000 1396 auctore,

520 1447 600 1496 tum
628 1433 926 1517 gubernatore.

299 1662 350 1727 Sic
390 1663 480 1728 Plato
511 1663 544 1727 in
580 1663 699 1728 Politia
726 1684 797 1729 cum
836 1666 922 1749 vulgi
952 1666 1190 1749 superstitioni,

255 1793 319 1842 uun
343 1782 502 1861 poetarum
526 1776 643 1846 fabulis
667 1780 820 1846 saniorem
844 1781 1066 1864 purioremque
1091 1799 1193 1865 oppo-
1287 1812 1290 1819 ·

255 1895 319 1958 suit
341 1896 379 1960 de
398 1895 505 1961 divini
528 1901 639 1962 natum
659 1897 842 1963 doctrinam.
886 1898 922 1963 In
943 1899 1068 1965 Timaeo
1087 1913 1190 1965 autem

254 2013 356 2078 Deum
386 2015 488 2093 ipsum
523 2015 561 2078 ad
585 2018 696 2091 τύπους
723 2013 820 2079 hosce
845 2013 1020 2080 divinitatis
1051 2014 1192 2095 effinxit,

251 2126 431 2208 uobisque,
461 2144 497 2192 ut
526 2128 705 2195 universum
736 2131 833 2195 hocce
853 2151 925 2196 cunt
947 2130 1191 2215 informantem,

249 2262 315 2309 tuna
337 2245 584 2326 gubernantem,
607 2246 734 2310 sublimi
760 2247 904 2314 oratione
925 2250 1022 2315 veluti
1049 2249 1091 2314 ob
1113 2269 1191 2315 ocu·

249 2364 298 2426 los
321 2363 504 2444 proposuit.
583 2365 644 2428 Sed
665 2366 703 2429 ad
725 2366 808 2431 bunc
829 2366 984 2450 dialogum
1006 2365 1189 2448 priusquam

248 2481 455 2560 accedamus,
500 2482 751 2562 respondendum
785 2484 845 2562 iam
878 2484 1079 2564 philosophis
1118 2496 1190 2560 est,

252 2602 306 2683 qui
319 2650 332 2681 ,
371 2620 437 2682 quo
472 2598 594 2666 facilius
625 2618 660 2663 se
687 2618 726 2664 ex
748 2598 850 2663 omnis
871 2601 1054 2679 μυθολογίας
1074 2616 1109 2662 ac
1131 2602 1192 2666 deo-

253 2724 361 2801 λογίαις
378 2718 611 2785 difficultatibus
634 2715 834 2794 expedirent,
856 2713 1041 2795 simpliciter
1059 2716 1108 2778 vel
1122 2731 1193 2780 esse

254 2836 342 2899 Deos
363 2849 539 2917 negarunt,
563 2834 659 2911 veisi
681 2851 752 2896 cum
770 2831 901 2896 maxime
919 2846 1047 2910 esseut,
1069 2831 1115 2895 uil
1136 2849 1192 2898 eoa
1235 2818 1239 2827 ⁵

255 2970 364 3016 curare
384 2970 433 3014 res
457 2951 629 3027 humanas,
652 2962 840 3014 statuerunt.
896 2947 948 3012 Ad
978 2945 1089 3028 impius
1115 2948 1194 3013 isto·

254 3086 321 3131 turn
348 3070 387 3133 de
416 3069 487 3133 Deo
516 3067 682 3150 opiniones
716 3064 891 3144 tollendas,
925 3082 989 3129 nou
1019 3064 1080 3129 vim
1104 3063 1191 3130 adhi-

260 3184 390 3248 bendam
420 3203 489 3248 esse
521 3184 597 3249 dicit
641 3184 766 3265 Hospes
796 3183 848 3246 iile
883 3180 915 3245 in
935 3181 1071 3266 Legibus
1092 3182 1193 3247 Athe·

256 3299 396 3379 niensis,
429 3302 484 3365 sed
505 3300 761 3384 persuasionem,
794 3298 947 3379 fingitque
964 3299 1192 3365 adolescentem

257 3417 318 3482 sibi
348 3418 497 3496 obvium,
525 3418 585 3483 istd
610 3419 671 3501 jam
705 3416 847 3481 doctrina
880 3414 1034 3479 imbutum
1064 3434 1197 3498 corrup·

257 3553 411 3615 tumque,
435 3554 526 3615 quem
541 3533 787 3615 sicalloquitut:
811 3532 930 3612 ὦπαῖ,
953 3537 1013 3609 νεὸς
1035 3531 1074 3601 εἷ·
1092 3539 1195 3618 προϊὼν

262 3656 293 3724 δέ
314 3680 348 3722 σε
368 3657 382 3720 ὖ
404 3654 505 3735 χρόνος
526 3657 640 3731 ποιήσει
656 3655 760 3721 πολλὰ
776 3650 815 3720 ὦν
835 3657 884 3720 νῦν
904 3652 1035 3736 δοξάζεις
1051 3653 1196 3737 μεταβᾳ·

262 3773 376 3848 λίνω,
411 3771 458 3837 ἐπὶ
482 3772 629 3838 rdoasrr'a
649 3772 792 3836 τίθεσθαι·
811 3769 974 3853 περίμεινον
994 3767 1042 3838 οὖν
1061 3771 1103 3844 eie
1123 3768 1193 3838 rdet

760 3884 762 3889 ,
1130 3911 1193 3969 κβ,

294 4021 333 4087 (a)
357 4024 397 4072 Da
411 4025 479 4092 Res».
500 4020 539 4075 tt.
558 4022 610 4073 380
623 4021 689 4077 Em
714 4020 813 4075 3821.
