2896 5168
638 496 831 560 ..ψ-

270 680 361 727 suum
388 659 615 737 destinatione,
637 676 709 722 cum
732 660 801 725 Deo
823 659 1053 724 similitudinem
1074 672 1106 723 et
1124 678 1199 741 cog·

267 776 423 844 nationem
450 773 555 865 refert,
598 776 650 841 Eo
671 776 805 847 consilio
832 793 891 840 nos
918 773 1003 841 dicit·
1021 776 1053 842 in
1077 778 1200 858 pulcer-

244 900 247 905 '
268 896 347 959 rimo
369 895 485 958 mundo
508 894 611 959 aDeo
630 895 804 957 collocatos
826 912 920 973 esse,
940 908 976 957 ut
995 895 1034 957 cd
1058 893 1204 958 universi.

268 1012 405 1077 ordinem
431 1020 681 1092 concentumque
707 1009 840 1092 portium
872 1011 1199 1090 omnium‚·nostcum
1232 1030 1234 1035 ·

268 1127 330 1206 iusi
348 1126 516 1206 onimum,
548 1128 586 1192 sd
612 1128 672 1192 Dei
701 1126 895 1208 exemplum,
930 1143 1198 1207 componeremus.

269 1244 383 1308 Visum
407 1244 520 1323 nobis,
543 1243 605 1323 sit,
629 1259 793 1326 propterea
811 1244 942 1308 maxime
959 1242 1092 1326 largitus
1110 1245 1197 1310 Deus

265 1378 335 1444 est,
367 1363 415 1432 ἵνα
435 1367 493 1438 τοὶς
514 1364 544 1431 ἓν
564 1367 671 1447 οὐρανῷ
696 1371 748 1430 τοῦ
775 1370 822 1432 νοῦ
843 1364 1010 1438 κατιδόντες
1034 1363 1195 1444 περιόδοις,

266 1484 456 1565 χρησαίμεθα
492 1483 540 1549 ε’τό
569 1483 626 1554 τοὶς
656 1483 817 1561 τεριΦοροὶς
850 1483 907 1554 τόις
938 1487 992 1554 τῆς
1024 1484 1095 1562 παρ’
1125 1483 1194 1560 ἡμῖν

262 1600 456 1675 iustissime,
479 1608 637 1676 συγγενεῖς
659 1597 783 1669 ἐκείναις
804 1597 912 1671 οὕτας,
943 1596 1123 1675 οὶταροέκτοις
1143 1622 1194 1662 τε·
1236 1689 1240 1695 ¹

261 1714 468 1794 saturninus·
490 1713 665 1794 ἐκμαθόντες
685 1714 740 1785 δὲ,
765 1712 814 1778 καὶ
836 1712 980 1791 λογισμόν
1001 1712 1082 1776 uncti
1103 1712 1195 1791 Φύσιν

261 1829 409 1911 όρόότιιτος
442 1828 674 1910 μετασχόντες,
713 1830 887 1908 μιμούμενοι
922 1829 979 1911 τὰς
1009 1831 1062 1892 τοῦ
1094 1831 1192 1904 Θεοῦ,

261 1946 380 2019 πάντας
409 1950 556 2018 οὶτοιανεῖς
582 1947 690 2021 οὔσας,
724 1946 781 2018 sits
808 1947 838 2011 ἑν
862 1948 931 2024 ἡμῖν
959 1947 1193 2024 πεπλανημένας

259 2065 520 2143 καταςηοαόμεόα·
551 2076 587 2124 ut
622 2062 731 2124 montis
775 2064 999 2138 conversiones,
1039 2080 1119 2142 quot
1157 2062 1193 2123 in

257 2177 336 2240 coelo
365 2174 519 2256 obtinent,
552 2180 685 2256 intuiti,
723 2174 962 2241 discursionibus
985 2179 1094 2241 mentis
1126 2198 1193 2243 not·

260 2307 350 2367 troo,
384 2292 546 2357 ordinatus
574 2292 763 2358 inordinatis
795 2295 1071 2380 perturbatisque,
1089 2294 1194 2359 'adisi-

258 2407 404 2473 beamus:
423 2407 597 2493 iidemque,
619 2415 750 2493 cognitis
766 2411 852 2489 illis,
874 2433 912 2475 ac
927 2429 1088 2499 percepto,
1111 2411 1195 2498 quod

259 2525 385 2589 naturd
407 2539 606 2602 rectumst,
629 2525 693 2588 Dei
716 2542 833 2603 motus,
857 2531 912 2609 qui
934 2549 994 2592 non
1018 2528 1190 2610 oberrant,

257 2646 398 2721 imitati,
421 2659 546 2707 nostrat
568 2655 666 2705 snotns
693 2645 888 2725 cogitationis
912 2645 947 2704 in
974 2642 1110 2706 ordinem
1140 2665 1191 2709 rt·

255 2779 391 2825 succinus
420 2739 465 2822 oc*
487 2775 711 2841 componamus.
728 2757 769 2822 (Ι)
845 2758 962 2822 Pariter
991 2761 1030 2823 de
1061 2761 1189 2827 cacteris

256 2875 400 2939 sensibus
428 2877 545 2940 nostris
576 2894 610 2939 ac
640 2873 838 2938 facultatibus
864 2874 985 2939 statuit.
1042 2878 1125 2941 Eum
1155 2877 1189 2943 in

256 2989 349 3053 finem
379 2991 508 3053 maxime
540 2990 686 3054 utendum
718 2991 756 3055 iis
784 3003 909 3068 censet,
944 3005 999 3081 ut,
1035 2992 1189 3074 quidquid

257 3106 289 3170 in
315 3105 409 3170 nobis
435 3106 605 3171 divinitatis
635 3107 735 3187 inest,
769 3107 821 3184 id,
853 3106 1049 3189 percipiendo
1079 3109 1188 3175 mundi

255 3225 433 3304 spectaculo
463 3225 593 3302 divino,
629 3242 698 3287 cum
726 3223 918 3302 excitemus,
951 3239 1016 3288 tum
1049 3226 1188 3308 perficia-

255 3360 338 3407 mus.
404 3343 463 3406 Est
493 3342 612 3407 scilicet
641 3341 798 3419 mundus,
823 3356 857 3403 ιιι
887 3339 1074 3422 pronunciat
1101 3343 1186 3423 apud

253 3459 528 3543 cumTimaeus‚
579 3459 678 3539 ipsius
711 3473 837 3521 naturae
874 3457 995 3521 divinoe
1034 3459 1183 3541 ἄναιμα.

252 3580 345 3644 Haud
375 3576 436 3641 fuit
467 3595 601 3657 unquam
629 3575 858 3657 philosophus,
889 3573 943 3655 qui
973 3577 1011 3640 dc
1042 3575 1183 3654 mundo,

192 3714 196 3722 ’
252 3697 291 3760 de
319 3697 411 3774 Deo,
445 3694 545 3773 deque
577 3694 711 3757 hominis
746 3693 849 3756 indole
883 3691 1067 3774 praeclarius
1099 3690 1183 3773 mog·

249 3810 509 3891 nificentiusquc‚
533 3829 624 3890 quam
648 3811 761 3889 Plato,
782 3809 987 3875 existimaret:
1026 3829 1083 3875 nec
1105 3827 1181 3874 vero

1103 3943 1179 3999 con·

283 4066 324 4134 (t)
348 4067 459 4116 Τιίιιιοου
476 4065 507 4131 47
521 4062 551 4115 B·
563 4062 594 4115 C.
