2896 5168
618 484 807 549 ..,,,..

254 651 422 732 ταχθεῖσαι
466 660 576 725 estque
595 642 718 728 justitia
738 648 877 714 ernam
894 654 1019 729 ψυχῆς,
1040 660 1070 707 et
1093 640 1177 714 „ma

254 770 327 845 raia,
351 767 514 840 δικαιοσύνη
544 764 670 838 πόλεως.
703 794 749 813 -
790 759 874 825 Non·
898 779 971 843 ergo
998 763 1060 825 dno
1101 776 1176 826 sunt
1278 762 1282 769 ’

161 950 167 957 .
256 886 378 956 mul.
408 882 463 944 sed
483 878 613 956 unicus,
643 881 709 961 περὶ
738 887 891 955 πολιτικῆς
916 880 1096 957 δικαιοσύνης
1126 879 1177 947 καὶ

255 1004 320 1082 περὶ
341 1003 457 1074 dauniae
478 993 716 1072 australes-”Ui
768 994 923 1075 Equidem
952 1013 1017 1060 non
1044 993 1177 1074 dubito,

256 1115 353 1194 quin,
393 1115 471 1180 lecta
498 1112 614 1195 dialogi
641 1112 853 1194 descriptione
885 1112 1012 1191 nostri,
1056 1113 1179 1179 videant

256 1236 408 1313 lectores,
435 1230 574 1317 justitiae
605 1228 811 1313 exquirendae
840 1250 949 1296 caussa
977 1232 1126 1314 scriptum
1160 1253 1178 1299 ι

254 1350 383 1416 Platone
404 1348 559 1432 dialogum
586 1365 669 1414 esse.
711 1347 806 1433 Quod
829 1367 866 1412 eo
888 1351 1009 1431 plenius
1030 1351 1181 1435 intellige·

255 1487 349 1548 mus,
383 1486 446 1550 quo
484 1465 663 1548 diligentius
694 1477 726 1529 et
753 1466 949 1548 prooemium
982 1467 1116 1551 dialogi,
1147 1484 1179 1535 et
1284 1472 1287 1477 ’

254 1584 395 1667 primos,
429 1582 544 1664 quiin
574 1600 612 1645 eo
640 1598 830 1659 occurrunt,
858 1575 1022 1650 'sermones
1041 1588 1178 1652 attende·

258 1700 369 1764 rimus.
434 1698 514 1764 Nam
536 1696 641 1760 ubivis
662 1695 695 1760 in
723 1696 809 1760 hisce
836 1698 874 1762 de
890 1700 1006 1778 jurem·
1021 1699 1098 1781 quid
1118 1701 1180 1778 sit,

257 1815 453 1898 exquiritur,
474 1814 513 1879 de
533 1812 692 1900 republica
711 1831 751 1878 ne
767 1814 893 1878 verbum
915 1815 1052 1896 quidem.
1094 1817 1178 1883 Turn

254 1935 376 1999 demum
406 1932 539 2013 optimae
568 1929 757 2011 reipublicae
786 1933 902 1994 mentio
933 1930 987 2010 lit,
1021 1934 1073 1997 ubi
1094 1936 1181 2000 adhi-

256 2050 353 2114 benda
379 2062 508 2131 putatur
534 2046 572 2110 ad
590 2044 668 2129 justi
697 2045 947 2128 disquisitionem
977 2065 1060 2114 recte
1092 2051 1180 2117 insti·

255 2166 411 2232 tuendam.
478 2165 538 2230 Sed
562 2164 646 2229 aliud
673 2163 744 2227 item
769 2164 920 2246 judicium
951 2167 1104 2233 recentius
1130 2189 1181 2235 ae·

254 2303 329 2350 vum
368 2284 406 2347 de
445 2282 504 2346 hoc
530 2300 631 2363 opere
666 2278 849 2364 philosophi
883 2284 1028 2362 protulit.
1093 2286 1180 2353 Dixit

256 2400 452 2479 Romanus,
474 2395 694 2479 rempublicam
710 2390 847 2462 Platonis
865 2400 1013 2480 optimam
1034 2401 1096 2466 sibi
1112 2422 1182 2471 esse

256 2515 352 2583 uideri
373 2515 579 2580 institutionis
603 2514 754 2578 scholam.
769 2513 810 2581 (π)
873 2515 970 2601 Quod
994 2516 1131 2600 dictum,
1163 2541 1181 2588 a

256 2632 362 2699 multis
388 2632 571 2715 probatum,
585 2627 625 2696 (⁵)
648 2620 751 2711 aliqua
769 2632 890 2712 quidem
910 2649 995 2714 parte
1013 2636 1185 2716 exprimere

256 2766 338 2818 recte
363 2769 434 2814 cum
456 2748 619 2813 consiliunt
647 2747 783 2811 auctoris
808 2763 874 2830 tum
897 2750 1000 2830 operis
1022 2770 1182 2835 argumen·
1288 2723 1291 2731 Ι

258 2886 324 2933 tum
347 2868 482 2933 videtur.
526 2864 607 2929 Nam
639 2866 728 2927 locus
758 2864 810 2928 ille
838 2864 875 2927 de
903 2865 1101 2932 institutione
1126 2890 1182 2951 per

256 2984 403 3051 musicam
435 2997 467 3048 et
497 2981 714 3066 gymnasticam
749 2979 782 3044 in
817 2981 968 3063 primariis
1007 2989 1183 3053 censendus

258 3114 306 3165 est
336 3099 452 3184 dialogi
488 3098 652 3181 partibus,
686 3112 716 3164 et
751 3098 826 3162 illuc
859 3096 1003 3180 profecto
1036 3104 1181 3171 universe

255 3220 337 3283 valet
359 3216 495 3282 Socratis
523 3214 716 3298 disputatio,
739 3230 774 3279 ut
797 3233 854 3298 per
871 3216 1097 3286 institutionem
1123 3242 1181 3307 op·

1140 3338 1181 3404 ti·
1254 3392 1256 3396 .

291 3481 332 3549 (ι)
351 3476 452 3532 Murci.
468 3480 499 3529 in
516 3478 867 3549 Plae.1nmp.eommenr.
894 3479 1014 3548 Operum
1048 3480 1181 3542 voulll.

255 3577 353 3649 p.517.
424 3579 464 3647 (a)
483 3576 636 3641 Routseau,
655 3578 763 3642 Emit«,
784 3578 819 3636 L.
833 3580 855 3631 Ι.
872 3579 933 3632 init.
999 3582 1041 3651 (3)
1062 3581 1178 3648 Gllliea,

256 3682 377 3747 Πίσων]
387 3680 424 3750 os
428 3680 541 3731 ancient
555 3681 671 3741 Graeco,
696 3674 833 3732 Vollll.
849 3678 950 3745 pi521·
982 3682 1071 3734 Plato
1086 3686 1184 3738 erased

256 3780 303 3832 elsa
318 3779 390 3849 plan
407 3780 443 3849 of
456 3795 475 3829 a
490 3779 600 3848 perfect
618 3776 861 3838 commonaoaaltlrr
898 3778 1003 3849 though
1022 3780 1067 3832 lu'e
1087 3783 1178 3845 work,

255 3876 335 3930 know
349 3876 386 3946 by
403 3876 466 3953 titur
482 3874 565 3940 title,
579 3892 613 3927 ω
627 3874 680 3925 has
695 3874 761 3928 been
770 3874 864 3943 juelly
879 3874 1008 3929 observati
1022 3877 1059 3948 ly
1069 3892 1179 3952 agrena

251 3975 368 4045 genius,
396 3973 532 4029 iarallrar
549 3973 700 4027 arrectiac
722 3975 757 4045 os
767 3974 936 4042 aduenerat»,
954 3975 1024 4031 elan
1041 3995 1060 4031 a
1073 3989 1176 4048 system

247 4073 281 4141 ο]
288 4073 396 4143 poliat·
