2896 5168
640 485 865 574 ..lg-⁸

254 679 347 760 gibus
374 676 546 744 condendis
576 691 609 742 et
638 679 778 744 moribus
817 676 1023 760 temperandis
1057 679 1180 761 prosint

252 795 394 875 civitati,
431 795 492 878 ipsi
527 774 665 860 vedani.
724 795 823 875 uon,
855 809 913 875 ut,
948 811 1027 875 quae
1060 793 1182 875 singula

251 911 330 992 ipsis
367 911 545 993 singulatim
577 911 711 995 singulis
744 911 822 977 locis
849 908 1108 993 temporibusque
1137 908 1182 974 la·

250 1028 361 1093 cienda
382 1028 467 1109 sint,
489 1027 606 1094 sciant:
631 1027 662 1094 id
682 1044 748 1092 non
769 1043 819 1094 est
834 1026 1053 1111 philosophiae
1072 1026 1181 1107 exqui-

250 1152 336 1208 rere:
368 1142 431 1227 ipsi
460 1143 505 1208 illi
534 1145 561 1208 si
592 1145 650 1209 rite
674 1141 792 1210 fuerint
812 1143 929 1210 exculti
949 1161 983 1208 ac
1003 1147 1112 1208 nostri
1133 1140 1180 1205 in·

249 1259 414 1327 stitutione
448 1280 466 1326 e
502 1260 665 1344 spectabili
695 1261 814 1327 mundo
844 1260 877 1325 in
910 1263 1013 1343 ipsum
1044 1258 1181 1324 veritatis

249 1396 376 1461 regnum
409 1378 625 1458 escenderint,
658 1378 690 1444 id
719 1377 808 1443 facile
843 1375 1047 1459 perspicient.
1118 1375 1180 1441 Sed

249 1497 310 1560 hoc
330 1496 454 1579 ipsum,
478 1497 565 1576 quod
584 1495 744 1573 dicimus,
766 1494 1025 1575 quemadmodum
1048 1493 1178 1576 quaein

250 1600 382 1692 pueritia
411 1628 442 1676 et
471 1609 701 1690 adolescentia,
730 1611 809 1676 duce
828 1612 1052 1694 philosophia,
1074 1630 1180 1693 perce·

250 1740 384 1809 petunt,
415 1727 455 1790 ad
487 1727 564 1788 bene
595 1727 745 1804 beateque
765 1726 932 1790 vivendum
955 1742 985 1789 et
1005 1726 1179 1807 provehen-

252 1841 320 1906 dam
351 1839 468 1906 civium
499 1840 659 1905 honestam
692 1840 874 1921 beatamque
904 1841 999 1907 vitam
1033 1840 1178 1907 adhibere

250 1956 402 2037 debeant,
432 1955 465 2022 id
492 1958 675 2038 exquirere,
705 1956 737 2021 id
768 1958 867 2038 palam
887 1955 988 2022 facere
1009 1957 1178 2040 omnibus,

251 2074 285 2139 id
314 2074 419 2157 generi
450 2073 609 2154 humano,
642 2088 678 2139 ut
711 2089 812 2139 cesset
833 2073 999 2155 aliquando
1018 2073 1068 2139 his
1089 2075 1177 2141 malis

251 2191 389 2257 laborate
416 2205 447 2256 et
467 2206 553 2257 recte
572 2189 638 2283 sibi¹
657 2191 823 2271 consulat,
854 2192 1060 2272 persuadere,
1078 2193 1177 2281 philo.-

251 2311 357 2396 sopht'a
367 2310 453 2392 justi
473 2309 578 2376 debet.

292 2426 456 2492 Pervenire
479 2423 596 2506 nobis,
627 2424 660 2489 ln
687 2426 745 2492 hac
770 2425 988 2509 philosophiae
1004 2425 1177 2497 Platonicae

252 2543 471 2631 progressione
497 2540 705 2626 gravissimi,
729 2543 769 2609 ad
788 2544 873 2608 sacra
890 2543 957 2627 ejus
978 2543 1112 2627 majora,
1132 2546 1175 2613 rai

249 2665 342 2732 ritca
369 2664 420 2731 nal
445 2665 618 2740 ἱππικαὶ,
653 2660 692 2728 ad
719 2674 859 2725 tamtum
880 2675 911 2725 et
931 2658 1072 2726 diuinum
1096 2678 1177 2727 non·

250 2779 324 2843 dutn
355 2777 482 2843 licebit:
525 2791 591 2841 tum
616 2778 738 2843 demum
768 2776 893 2857 licebit,
925 2796 1022 2857 quum
1043 2779 1174 2844 archus

251 2894 394 2961 humanis
426 2890 578 2958 fuerimus
609 2892 648 2961 ad
677 2891 797 2958 divinas
826 2893 1008 2976 progressi3
1031 2911 1176 2962 verunta-

252 3028 323 3074 men
354 3009 387 3074 in
414 3008 464 3075 bis
492 3008 570 3090 ipsis
597 3008 636 3072 de
658 3008 780 3093 justitia
800 3027 834 3074 ac
856 3008 1004 3077 felicitate
1027 3012 1174 3094 disquisi-

249 3124 390 3191 tionibus
418 3124 598 3190 accedemus
621 3123 695 3188 illuc
720 3125 873 3205 proxime.
918 3127 999 3193 Natu
1023 3129 1084 3194 hoc
1101 3149 1176 3211 pro·

251 3239 358 3322 posito
381 3239 569 3321 exquirenda
593 3230 687 3306 nobis
704 3241 841 3325 perlecta
862 3246 992 3324 civitas,
1011 3245 1175 3326 exquiren-

251 3360 310 3422 dus
341 3357 374 3423 in
403 3357 511 3439 primis
544 3357 640 3422 homo
671 3357 827 3440 perfectus
852 3360 932 3441 erit,
955 3377 1012 3441 ut,
1036 3363 1112 3443 quid
1132 3365 1175 3430 sit

250 3473 393 3558 justitia,
424 3474 500 3556 quid
529 3475 592 3540 uita
624 3475 728 3554 beata,
758 3476 958 3558 reperiamus.
1017 3479 1175 3547 Valcbunt

252 3608 354 3658 autem
381 3611 419 3656 eo
446 3591 539 3658 simul
570 3590 803 3674 disquisitiones
835 3609 981 3674 nostrae,
1012 3613 1046 3662 ut
1071 3616 1173 3665 exem*-

252 3708 338 3793 pl'um
381 3711 547 3773 habeamus
585 3709 775 3790 aliquando,
813 3711 851 3774 ad
884 3713 975 3794 cuius
1005 3713 1172 3795 perfectam

253 3827 386 3912 speciem
408 3845 457 3890 res
475 3840 600 3891 nostras
620 3842 680 3891 tam
700 3827 884 3892 domesticas
902 3848 993 3908 quam
1012 3834 1173 3918 politicas,

252 3958 321 4012 tum
336 3962 411 4010 vero
429 3940 557 4008 maxime
573 3957 695 4008 nosmet
710 3943 798 4025 ipsos
813 3944 1056 4021 conformemus.
1085 3952 1175 4038 Quae

254 4081 314 4127 una
338 4060 496 4127 verissima
519 4061 603 4142 apud
633 4061 791 4128 Platonem
813 4064 917 4131 estad
939 4085 1021 4133 sacra
1043 4068 1094 4137 illa
1114 4091 1177 4136 ma·

1125 4194 1175 4277 1⁶0·
