2896 5168
248 678 360 758 disque
387 675 503 744 divinis
526 676 672 741 omnibus
696 690 727 741 et
751 672 891 740 humanis
921 674 1015 761 rebup
1042 690 1177 757 occupa·
1266 704 1269 710 ·

250 794 352 860 batur.
367 790 408 860 (¹)
451 796 537 859 Plato
560 812 636 858 vero
663 794 741 858 hanc
764 790 831 856 Deo
855 787 1034 870 relinquens
1056 789 1181 872 sapien·

251 910 342 993 tiam,
374 929 438 992 quo
467 909 581 975 certius
610 907 865 1014 malisqhumanis
893 907 1060 972 remedium
1088 903 1179 971 affer·

252 1045 319 1109 ret,
341 1047 398 1109 per
420 1025 601 1107 disciplinas
622 1039 758 1089 averrere
781 1041 1000 1105 generosorum
1026 1025 1178 1107 juvenum

252 1160 408 1212 mentesa
430 1142 563 1208 visibilis
587 1142 693 1205 mundi
715 1141 857 1218 umbris,
886 1154 980 1220 atque
1006 1142 1043 1206 ad
1072 1138 1180 1204 mundi

253 1269 353 1340 νοητοῦ
380 1259 539 1325 veritatem
566 1238 748 1324 convertere
776 1257 908 1323 studuit.
974 1255 1026 1322 Sic
1061 1257 1181 1324 scilicet

252 1376 415 1459 sperabat,
448 1375 536 1455 fore,
570 1391 606 1439 ut
631 1393 702 1439 curn
724 1372 932 1456 ¹philosophia
957 1371 991 1437 in
1018 1372 1180 1455 pristinam

255 1492 433 1575 dignitatem
456 1490 735 1570 auctoritatemque
764 1491 997 1570 restitueretur,
1029 1503 1096 1554 tum
1124 1506 1181 1571 per

255 1626 318 1673 orm
340 1608 559 1691 gravioresque
581 1605 760 1688 disciplinas
778 1608 909 1692 juvenes
931 1605 971 1672 ad
990 1605 1182 1688 respublicas

253 1726 401 1810 regendas
421 1722 662 1790 informarentur
682 1739 775 1790 recte.

448 1990 450 1995 ·
488 1962 546 2027 Dr
577 1957 805 2026 adhibenda
836 1959 959 2025 rebus

316 2077 529 2163 politicis,
568 2092 611 2142 ur
638 2077 828 2162 perfecta
860 2081 912 2142 ric
941 2077 1122 2153 ciuitas,

462 2194 745 2279 compilari,
779 2209 860 2259 rum
886 2196 981 2258 ucri

583 2307 860 2396 philosophia.

305 2539 490 2606 Accedimus
512 2540 556 2605 ita
582 2560 681 2624 prope
702 2542 740 2607 ad
769 2523 951 2606 sententiam
978 2541 1189 2626 explicandam

261 2657 400 2724 Platonis
419 2658 458 2722 de
478 2657 737 2741 philosophorum
762 2659 794 2723 in
813 2659 971 2741 republica
992 2661 1189 2726 auctoritate.

263 2773 381 2840 Verum
413 2777 464 2842 hic
494 2777 531 2840 de
564 2776 764 2859 philosophil
794 2795 864 2841 cum
896 2778 997 2859 pulcri
1025 2793 1092 2843 tum
1125 2777 1192 2842 veri
1265 2782 1271 2793 “

262 2892 341 2958 illud
365 2894 654 2959 animadvertamus.
719 2892 860 2959 Tractari
893 2909 1023 2974 utraque
1053 2912 1071 2958 a
1097 2906 1193 2959 mma·

264 3009 404 3094 physicis
433 3011 483 3074 vel
512 3010 601 3073 nullo
630 3010 797 3091 proposito
826 3010 908 3074 solet
938 3012 988 3076 vel
1019 3027 1057 3073 eo
1083 3009 1194 3075 dunta-

265 3141 341 3207 xat,
363 3141 398 3191 ut
419 3146 456 3192 ex
474 3126 632 3192 altissimis
650 3126 930 3207 remotissimisque
958 3125 1123 3208 principiis
1143 3142 1194 3192 res

265 3243 484 3325 gravissimae,
508 3263 587 3324 quae
605 3243 680 3309 illuc
701 3241 894 3321 referuntur,
919 3243 1083 3308 ducantur.
1128 3242 1195 3308 Cu·

266 3363 318 3444 jus
357 3359 453 3425 studii
489 3360 522 3424 in
549 3359 675 3425 civitate
706 3359 930 3439 hominumque
961 3358 1028 3425 viti
1058 3357 1112 3424 vix
1140 3357 1197 3423 ulli

268 3492 417 3559 apparent
437 3473 572 3540 fructus.
648 3476 728 3540 Sunt
747 3474 819 3555 atii,
842 3472 896 3555 qui
919 3477 1014 3541 missd
1036 3476 1199 3558 metaphy-

271 3593 352 3658 sicae
373 3592 540 3676 ipsiusque
562 3594 737 3658 dialecticae
752 3591 947 3667 subtilitate,
971 3609 1135 3674 utramque
1160 3592 1200 3657 ad

272 3712 452 3791 popularem
473 3724 598 3792 captum
619 3709 865 3778 accommodent.
908 3709 1023 3774 Neutri
1038 3708 1070 3773 id
1084 3720 1199 3790 agunt,

274 3828 361 3910 quod
388 3829 547 3912 postulare
569 3824 791 3909 philosophia,
828 3825 985 3893 Socratica
1017 3824 1142 3908 quidem
1171 3838 1203 3907 ct

1135 3939 1205 4009 Pu·

311 4089 352 4159 (a)
372 4086 410 4143 V·
428 4102 509 4155 cupra
525 4083 642 4142 Vetti.
663 4087 695 4142 P.
707 4088 762 4143 lll.
780 4104 857 4160 pqr.
