2896 5168
626 458 822 526 -„,...

254 628 295 694 ad
320 630 388 713 ejus
417 626 551 711 speciem
582 624 774 692 informaret.
818 623 991 691 Audiamus
1015 622 1111 707 igitur
1131 622 1188 687 So·

255 761 389 827 cratem,
411 745 457 810 sic
488 746 528 810 de
553 762 590 808 eo
612 742 830 811 disserentem.
872 742 953 828 Quis
973 744 1060 826 jam,
1093 758 1185 820 quae-

253 861 319 943 rit,
351 862 522 928 secundum
556 860 634 926 lranc
667 860 885 942 rempublicam
916 858 993 924 vir?
1024 859 1184 939 quomodo

253 979 375 1045 exsistit
401 992 433 1042 et
461 978 561 1058 qualis
590 978 666 1044 est?
710 979 771 1044 Hic
793 978 998 1056 Adimantus,
1029 975 1129 1041 oculis
1151 974 1184 1039 in

251 1093 375 1159 fratrem
405 1093 590 1174 conversis,
633 1114 702 1158 reor
746 1113 815 1159 eunt
852 1095 1022 1175 equidem,
1054 1092 1183 1174 inquit,

251 1207 410 1276 Glauconi
434 1210 507 1275 huic
531 1228 666 1292 nostro,
699 1214 785 1293 quod
808 1211 1039 1278 contentionem
1069 1224 1100 1274 et
1121 1228 1185 1275 am·

250 1324 402 1393 biiionem
424 1329 557 1410 attinet,
585 1329 667 1394 haud
686 1328 867 1393 dissimilem
890 1348 971 1393 esse.
1015 1326 1100 1391 Tum
1122 1327 1182 1392 So·

251 1458 371 1523 crates,
396 1443 553 1523 fortasse,
576 1446 720 1528 reponit,
743 1445 800 1510 bac
822 1445 854 1509 in
876 1465 909 1510 re
931 1444 958 1509 ei
981 1443 1091 1508 similis
1114 1461 1185 1526 est,

251 1574 452 1623 veruntamen
481 1559 513 1622 in
542 1560 610 1623 aliis
641 1577 705 1629 non
733 1559 820 1623 item.
855 1593 902 1609 -
932 1558 1059 1644 Quibus
1082 1558 1114 1622 in
1138 1576 1186 1622 re·

252 1671 340 1738 bus?
359 1709 406 1725 —
433 1675 706 1740 contumaciorem
726 1692 799 1737 sane
819 1692 889 1739 eum
912 1693 980 1738 esse
993 1693 1120 1738 necesse
1139 1689 1187 1739 est

253 1801 284 1850 et
316 1806 333 1858 a
359 1789 477 1853 musica
508 1787 740 1869 quodammodo
762 1789 963 1869 alieniorem,
987 1789 1122 1854 musicae
1142 1805 1188 1853 ta·

252 1920 323 1968 men
342 1904 489 1986 cupidum
508 1903 576 1986 (¹);
609 1920 640 1969 et
667 1903 810 1969 audiendi
832 1905 957 1986 quidem
982 1904 1185 1981 studiosum,

251 2018 375 2085 dicendi
396 2040 471 2086 vero
494 2021 627 2102 peritum
646 2038 855 2103 nequaquam.
894 2023 937 2087 Et
959 2022 1016 2086 erit
1037 2023 1186 2087 adversus

251 2156 364 2203 servos
385 2138 536 2218 quosdam
556 2139 685 2220 agrestis
707 2137 887 2222 hujusmodi
910 2138 980 2216 vir,
1014 2139 1095 2202 haud
1123 2156 1189 2204 ser·

250 2272 312 2318 vos
332 2253 527 2335 despiciens,
558 2255 818 2335 quemadmodum
847 2254 898 2320 vir
919 2270 1002 2320 recte
1022 2256 1185 2331 eruditus,
1208 2308 1216 2323 .

250 2388 322 2452 erga
342 2370 457 2435 liberos
474 2386 574 2435 autem
596 2374 654 2435 erit
670 2373 774 2437 mitiss
798 2391 868 2456 erga
886 2372 1043 2456 principes
1060 2372 1184 2454 quidem

251 2485 401 2552 obediens
431 2487 583 2566 maxime,
616 2489 728 2553 sedet
755 2489 950 2571 principatus
975 2507 1006 2554 et
1028 2491 1184 2556 honorum

249 2602 392 2684 avidior,
423 2620 570 2687 oportere
599 2603 781 2670 existimans
799 2623 876 2670 non
905 2621 970 2670 arte
989 2606 1114 2670 dicendi
1134 2611 1184 2673 vel

249 2721 309 2786 alia
328 2720 440 2803 quavis
462 2721 556 2785 simili
576 2718 746 2798 facultate,
777 2723 832 2785 sed
851 2721 944 2785 rebus
966 2721 1085 2787 bellicis
1105 2722 1183 2786 civi-

249 2836 398 2917 libusque
423 2838 571 2900 excellere
601 2851 631 2898 et
659 2836 788 2899 caeteris
809 2854 970 2917 praeesse,
994 2857 1064 2901 cum
1090 2837 1131 2902 sit
1152 2855 1183 2902 et

250 2953 458 3039 gymnasticae
477 2967 507 3020 et
527 2952 703 3019 venationis
720 2955 885 3019 admodum
907 2955 1081 3020 studiosus.
1105 2956 1184 3018 Cac-⁹

251 3083 350 3133 tetum
378 3070 524 3151 pecunias
555 3070 614 3134 iste
646 3070 676 3132 in
705 3072 875 3152 juventute
899 3072 1094 3150 contemnit,
1117 3091 1182 3151 quo
1284 3146 1290 3157 ,

252 3203 326 3250 vero
352 3185 486 3249 senescit
516 3187 637 3267 magis,
671 3206 709 3250 eo
749 3188 845 3270 magis
873 3187 1021 3268 pecunias
1051 3188 1182 3270 diliget,

252 3302 339 3384 quod
367 3320 472 3399 avarae
499 3320 625 3369 naturae
654 3305 834 3388 particeps,
869 3323 970 3384 neque
992 3304 1110 3385 integer
1141 3304 1208 3367 sit.

251 3420 290 3485 ad
319 3417 491 3499 virtutem,
533 3419 606 3500 quia
646 3419 767 3503 optimo
810 3423 941 3486 custode
977 3436 1071 3486 caret.
1122 3420 1183 3485 Est

1128 3554 1184 3598 au·

287 3672 328 3741 (ι)
349 3670 435 3723 l'rara
465 3670 638 3724 distinctione
670 3673 829 3725 conturbata
861 3671 926 3723 hoec
957 3678 1028 3722 sunt.
1069 3669 1183 3737 Legitur

252 3770 338 3823 anima
358 3765 536 3838 αῧΕαΣέςερόν
560 3789 594 3825 re
616 3766 661 3825 lat
682 3767 769 3826 raticio
781 3765 852 3825 eiurat
864 3771 913 3824 arai
926 3766 1179 3837 ὑποαμουσότερον·

254 3862 430 3937 &abduceret
452 3863 484 3923 la
505 3868 554 3922 nai
576 3863 715 3936 Φιλῆκοον
738 3871 809 3935 μὲν,
829 3863 968 3935 incapacia
990 3861 1021 3921 Σό
1044 3860 1182 3932 oileum.

252 3957 414 4026 Ditiingue,
425 3964 456 4008 ui
466 3957 531 4010 fecii
541 3956 649 4010 ficium
660 3976 666 4010 :
688 3982 718 3997 ··
736 3961 979 4031 ὑποαμουσότερον
986 4001 995 4028 ,
1007 3958 1184 4032 ᾠολόμοοοον

253 4052 295 4113 lt·
319 4060 367 4116 sai
389 4054 455 4129 Φιλ.
