<?xml version="1.0" encoding="UTF-8"?>
<!DOCTYPE html PUBLIC "-//W3C//DTD XHTML 1.0 Transitional//EN"
    "http://www.w3.org/TR/xhtml1/DTD/xhtml1-transitional.dtd">
<html xmlns="http://www.w3.org/1999/xhtml" xml:lang="en" lang="en">
 <head>
  <title>
</title>
<meta http-equiv="Content-Type" content="text/html;charset=utf-8" />
  <meta name='ocr-system' content='tesseract 3.04.00' />
  <meta name='ocr-capabilities' content='ocr_page ocr_carea ocr_par ocr_line ocrx_word'/>
</head>
<body>
  <div class='ocr_page' id='page_1' title='image "./initiaphilosoph04heusgoog_0297.png"; bbox 0 0 2896 5168; ppageno 0'>
   <div class='ocr_carea' id='block_1_1' title="bbox 543 401 717 468">
    <p class='ocr_par' dir='ltr' id='par_1_1' title="bbox 543 401 717 468">
     <span class='ocr_line' id='line_1_1' title="bbox 543 401 717 468; baseline 0 -27"><span class='ocrx_word' id='word_1_1' title='bbox 543 401 717 468; x_wconf 57' lang='lat' dir='ltr'><strong>...pya-</strong></span> 
     </span>
    </p>
   </div>
   <div class='ocr_carea' id='block_1_2' title="bbox 46 554 1090 2167">
    <p class='ocr_par' dir='ltr' id='par_1_2' title="bbox 64 554 1090 1933">
     <span class='ocr_line' id='line_1_2' title="bbox 157 554 1088 652; baseline -0.003 -14"><span class='ocrx_word' id='word_1_2' title='bbox 157 570 318 640; x_wconf 73' lang='lat' dir='ltr'><strong>ueritatem</strong></span> <span class='ocrx_word' id='word_1_3' title='bbox 346 568 454 652; x_wconf 72' lang='grc' dir='ltr'><strong><em>νοητόῒσ</em></strong></span> <span class='ocrx_word' id='word_1_4' title='bbox 480 569 653 651; x_wconf 88' lang='lat' dir='ltr'><strong>omnibus,</strong></span> <span class='ocrx_word' id='word_1_5' title='bbox 676 581 713 635; x_wconf 88' lang='lat' dir='ltr'><strong>ut</strong></span> <span class='ocrx_word' id='word_1_6' title='bbox 736 567 786 632; x_wconf 92' lang='lat' dir='ltr'><strong>sol</strong></span> <span class='ocrx_word' id='word_1_7' title='bbox 808 554 904 632; x_wconf 83' lang='lat' dir='ltr'><strong>rebus</strong></span> <span class='ocrx_word' id='word_1_8' title='bbox 929 565 1088 652; x_wconf 64' lang='lat' dir='ltr'><strong>imperta·</strong></span> 
     </span>
     <span class='ocr_line' id='line_1_3' title="bbox 158 682 1090 769; baseline -0.013 -15"><span class='ocrx_word' id='word_1_9' title='bbox 158 690 274 769; x_wconf 84' lang='lat' dir='ltr'><strong>bilibus</strong></span> <span class='ocrx_word' id='word_1_10' title='bbox 296 692 401 754; x_wconf 89' lang='lat' dir='ltr'><strong>lumen</strong></span> <span class='ocrx_word' id='word_1_11' title='bbox 420 686 565 752; x_wconf 80' lang='lat' dir='ltr'><strong>affundir.</strong></span> <span class='ocrx_word' id='word_1_12' title='bbox 609 682 740 768; x_wconf 80' lang='lat' dir='ltr'><strong>ltaque,</strong></span> <span class='ocrx_word' id='word_1_13' title='bbox 763 697 799 748; x_wconf 93' lang='lat' dir='ltr'><strong>ut</strong></span> <span class='ocrx_word' id='word_1_14' title='bbox 824 683 946 765; x_wconf 83' lang='lat' dir='ltr'><strong>opinari</strong></span> <span class='ocrx_word' id='word_1_15' title='bbox 970 684 1090 754; x_wconf 70' lang='lat' dir='ltr'><strong>desina-</strong></span> 
     </span>
     <span class='ocr_line' id='line_1_4' title="bbox 157 800 1089 886; baseline -0.004 -13"><span class='ocrx_word' id='word_1_16' title='bbox 157 823 227 873; x_wconf 85' lang='lat' dir='ltr'><strong>mus</strong></span> <span class='ocrx_word' id='word_1_17' title='bbox 258 805 425 886; x_wconf 86' lang='lat' dir='ltr'><strong>aliquando</strong></span> <span class='ocrx_word' id='word_1_18' title='bbox 454 817 550 883; x_wconf 88' lang='lat' dir='ltr'><strong>atque</strong></span> <span class='ocrx_word' id='word_1_19' title='bbox 573 803 613 867; x_wconf 84' lang='lat' dir='ltr'><strong>ad</strong></span> <span class='ocrx_word' id='word_1_20' title='bbox 643 819 745 867; x_wconf 87' lang='lat' dir='ltr'><strong>rerum</strong></span> <span class='ocrx_word' id='word_1_21' title='bbox 775 800 934 867; x_wconf 88' lang='lat' dir='ltr'><strong>scientiam</strong></span> <span class='ocrx_word' id='word_1_22' title='bbox 973 802 1089 884; x_wconf 74' lang='lat' dir='ltr'><strong>ipsani⁴</strong></span> 
     </span>
     <span class='ocr_line' id='line_1_5' title="bbox 156 917 1087 1004; baseline -0.005 -15"><span class='ocrx_word' id='word_1_23' title='bbox 156 941 220 1004; x_wconf 87' lang='lat' dir='ltr'><strong>quc</strong></span> <span class='ocrx_word' id='word_1_24' title='bbox 243 922 404 988; x_wconf 80' lang='lat' dir='ltr'><strong>veritatem</strong></span> <span class='ocrx_word' id='word_1_25' title='bbox 433 919 636 998; x_wconf 78' lang='lat' dir='ltr'><strong>accedamus,</strong></span> <span class='ocrx_word' id='word_1_26' title='bbox 667 920 729 984; x_wconf 93' lang='lat' dir='ltr'><strong>huc</strong></span> <span class='ocrx_word' id='word_1_27' title='bbox 758 917 852 984; x_wconf 87' lang='lat' dir='ltr'><strong>nobis</strong></span> <span class='ocrx_word' id='word_1_28' title='bbox 874 935 1009 1001; x_wconf 85' lang='lat' dir='ltr'><strong>espocu</strong></span> <span class='ocrx_word' id='word_1_29' title='bbox 1030 919 1087 986; x_wconf 91' lang='lat' dir='ltr'><strong>iilo</strong></span> 
     </span>
     <span class='ocr_line' id='line_1_6' title="bbox 154 1034 1087 1117; baseline -0.004 -11"><span class='ocrx_word' id='word_1_30' title='bbox 154 1038 382 1105; x_wconf 76' lang='lat' dir='ltr'><strong>recondendum</strong></span> <span class='ocrx_word' id='word_1_31' title='bbox 403 1035 577 1100; x_wconf 89' lang='lat' dir='ltr'><strong>necessario</strong></span> <span class='ocrx_word' id='word_1_32' title='bbox 608 1046 669 1099; x_wconf 83' lang='lat' dir='ltr'><strong>est.</strong></span> <span class='ocrx_word' id='word_1_33' title='bbox 712 1034 831 1101; x_wconf 88' lang='lat' dir='ltr'><strong>Verum</strong></span> <span class='ocrx_word' id='word_1_34' title='bbox 858 1052 1008 1117; x_wconf 77' lang='lat' dir='ltr'><strong>quaenam</strong></span> <span class='ocrx_word' id='word_1_35' title='bbox 1036 1049 1087 1103; x_wconf 79' lang='lat' dir='ltr'><strong>est</strong></span> 
     </span>
     <span class='ocr_line' id='line_1_7' title="bbox 155 1147 1087 1234; baseline -0.003 -17"><span class='ocrx_word' id='word_1_36' title='bbox 155 1152 230 1232; x_wconf 89' lang='lat' dir='ltr'><strong>illa,</strong></span> <span class='ocrx_word' id='word_1_37' title='bbox 253 1165 344 1233; x_wconf 88' lang='lat' dir='ltr'><strong>quam</strong></span> <span class='ocrx_word' id='word_1_38' title='bbox 378 1148 641 1229; x_wconf 83' lang='lat' dir='ltr'><strong>memoravimus,</strong></span> <span class='ocrx_word' id='word_1_39' title='bbox 673 1150 744 1214; x_wconf 79' lang='lat' dir='ltr'><strong>boul</strong></span> <span class='ocrx_word' id='word_1_40' title='bbox 768 1148 871 1217; x_wconf 77' lang='lat' dir='ltr'><strong>idea?</strong></span> <span class='ocrx_word' id='word_1_41' title='bbox 898 1147 985 1234; x_wconf 92' lang='lat' dir='ltr'><strong>Quid</strong></span> <span class='ocrx_word' id='word_1_42' title='bbox 1015 1148 1087 1215; x_wconf 89' lang='lat' dir='ltr'><strong>uui·</strong></span> 
     </span>
     <span class='ocr_line' id='line_1_8' title="bbox 64 1262 1086 1352; baseline -0.003 -17"><span class='ocrx_word' id='word_1_43' title='bbox 64 1278 67 1283; x_wconf 84' lang='lat'>&#39;</span> <span class='ocrx_word' id='word_1_44' title='bbox 155 1286 247 1335; x_wconf 85' lang='lat' dir='ltr'><strong>verse</strong></span> <span class='ocrx_word' id='word_1_45' title='bbox 266 1267 341 1333; x_wconf 76' lang='lat' dir='ltr'><strong>ideis</strong></span> <span class='ocrx_word' id='word_1_46' title='bbox 372 1265 526 1346; x_wconf 89' lang='lat' dir='ltr'><strong>spectavit</strong></span> <span class='ocrx_word' id='word_1_47' title='bbox 555 1263 673 1330; x_wconf 67' lang='lat' dir='ltr'><strong>Plato?</strong></span> <span class='ocrx_word' id='word_1_48' title='bbox 705 1264 832 1350; x_wconf 86' lang='lat' dir='ltr'><strong>Quibus</strong></span> <span class='ocrx_word' id='word_1_49' title='bbox 856 1265 953 1330; x_wconf 89' lang='lat' dir='ltr'><strong>bomo</strong></span> <span class='ocrx_word' id='word_1_50' title='bbox 971 1262 1086 1352; x_wconf 67' lang='lat' dir='ltr'><strong>gradi-</strong></span> 
     </span>
     <span class='ocr_line' id='line_1_9' title="bbox 154 1379 1084 1468; baseline 0 -18"><span class='ocrx_word' id='word_1_51' title='bbox 154 1385 210 1450; x_wconf 84' lang='lat' dir='ltr'><strong>bus</strong></span> <span class='ocrx_word' id='word_1_52' title='bbox 230 1385 268 1450; x_wconf 85' lang='lat' dir='ltr'><strong>ad</strong></span> <span class='ocrx_word' id='word_1_53' title='bbox 296 1384 363 1448; x_wconf 85' lang='lat' dir='ltr'><strong>illas</strong></span> <span class='ocrx_word' id='word_1_54' title='bbox 395 1379 558 1447; x_wconf 69' lang='lat' dir='ltr'><strong>escendit?</strong></span> <span class='ocrx_word' id='word_1_55' title='bbox 599 1381 710 1468; x_wconf 80' lang='lat' dir='ltr'><strong>Qualis</strong></span> <span class='ocrx_word' id='word_1_56' title='bbox 743 1382 818 1448; x_wconf 88' lang='lat' dir='ltr'><strong>baec</strong></span> <span class='ocrx_word' id='word_1_57' title='bbox 847 1381 916 1464; x_wconf 87' lang='lat' dir='ltr'><strong>ipsa</strong></span> <span class='ocrx_word' id='word_1_58' title='bbox 947 1381 1084 1450; x_wconf 84' lang='lat' dir='ltr'><strong>hominis</strong></span> 
     </span>
     <span class='ocr_line' id='line_1_10' title="bbox 154 1498 1086 1582; baseline -0.003 -15"><span class='ocrx_word' id='word_1_59' title='bbox 154 1498 262 1568; x_wconf 88' lang='lat' dir='ltr'><strong>estin</strong></span> <span class='ocrx_word' id='word_1_60' title='bbox 296 1506 393 1579; x_wconf 70' lang='lat' dir='ltr'><strong>laurio</strong></span> <span class='ocrx_word' id='word_1_61' title='bbox 421 1498 571 1564; x_wconf 90' lang='lat' dir='ltr'><strong>mundum</strong></span> <span class='ocrx_word' id='word_1_62' title='bbox 594 1499 633 1564; x_wconf 90' lang='lat' dir='ltr'><strong>ad</strong></span> <span class='ocrx_word' id='word_1_63' title='bbox 662 1499 745 1565; x_wconf 84' lang='lat' dir='ltr'><strong>ideas</strong></span> <span class='ocrx_word' id='word_1_64' title='bbox 776 1498 959 1582; x_wconf 83' lang='lat' dir='ltr'><strong>spectandas</strong></span> <span class='ocrx_word' id='word_1_65' title='bbox 985 1518 1086 1566; x_wconf 76' lang='lat' dir='ltr'><strong>men·</strong></span> 
     </span>
     <span class='ocr_line' id='line_1_11' title="bbox 152 1615 1084 1699; baseline -0.001 -15"><span class='ocrx_word' id='word_1_66' title='bbox 152 1621 225 1685; x_wconf 79' lang='lat' dir='ltr'><strong>sio?</strong></span> <span class='ocrx_word' id='word_1_67' title='bbox 259 1617 341 1682; x_wconf 89' lang='lat' dir='ltr'><strong>Sunt</strong></span> <span class='ocrx_word' id='word_1_68' title='bbox 363 1617 457 1696; x_wconf 85' lang='lat' dir='ltr'><strong>haec,</strong></span> <span class='ocrx_word' id='word_1_69' title='bbox 479 1615 592 1697; x_wconf 85' lang='lat' dir='ltr'><strong>credo,</strong></span> <span class='ocrx_word' id='word_1_70' title='bbox 615 1615 647 1680; x_wconf 92' lang='lat' dir='ltr'><strong>in</strong></span> <span class='ocrx_word' id='word_1_71' title='bbox 666 1615 870 1699; x_wconf 67' lang='lat' dir='ltr'>philosophia</span> <span class='ocrx_word' id='word_1_72' title='bbox 889 1615 1029 1683; x_wconf 87' lang='lat' dir='ltr'><strong>Platonis</strong></span> <span class='ocrx_word' id='word_1_73' title='bbox 1049 1615 1084 1683; x_wconf 87' lang='lat' dir='ltr'><strong>in</strong></span> 
     </span>
     <span class='ocr_line' id='line_1_12' title="bbox 152 1729 1084 1818; baseline -0.002 -18"><span class='ocrx_word' id='word_1_74' title='bbox 152 1734 259 1818; x_wconf 81' lang='lat' dir='ltr'><strong>paucis</strong></span> <span class='ocrx_word' id='word_1_75' title='bbox 278 1753 349 1800; x_wconf 90' lang='lat' dir='ltr'><strong>cum</strong></span> <span class='ocrx_word' id='word_1_76' title='bbox 371 1732 552 1816; x_wconf 84' lang='lat' dir='ltr'><strong>gravissima</strong></span> <span class='ocrx_word' id='word_1_77' title='bbox 580 1745 647 1797; x_wconf 88' lang='lat' dir='ltr'><strong>tum</strong></span> <span class='ocrx_word' id='word_1_78' title='bbox 667 1732 705 1797; x_wconf 88' lang='lat' dir='ltr'><strong>ad</strong></span> <span class='ocrx_word' id='word_1_79' title='bbox 730 1731 996 1814; x_wconf 87' lang='lat' dir='ltr'><strong>interpretandum</strong></span> <span class='ocrx_word' id='word_1_80' title='bbox 1022 1729 1084 1798; x_wconf 79' lang='lat' dir='ltr'><strong>dif-</strong></span> 
     </span>
     <span class='ocr_line' id='line_1_13' title="bbox 149 1848 1082 1933; baseline 0.001 -17"><span class='ocrx_word' id='word_1_81' title='bbox 149 1850 301 1918; x_wconf 86' lang='lat' dir='ltr'><strong>ficillima.</strong></span> <span class='ocrx_word' id='word_1_82' title='bbox 343 1849 406 1916; x_wconf 82' lang='lat' dir='ltr'><strong>Sed</strong></span> <span class='ocrx_word' id='word_1_83' title='bbox 435 1849 542 1916; x_wconf 89' lang='lat' dir='ltr'><strong>eadem</strong></span> <span class='ocrx_word' id='word_1_84' title='bbox 563 1848 625 1914; x_wconf 88' lang='lat' dir='ltr'><strong>nisi</strong></span> <span class='ocrx_word' id='word_1_85' title='bbox 647 1865 751 1915; x_wconf 88' lang='lat' dir='ltr'><strong>mente</strong></span> <span class='ocrx_word' id='word_1_86' title='bbox 769 1849 1001 1933; x_wconf 82' lang='lat' dir='ltr'><strong>perceperimus</strong></span> <span class='ocrx_word' id='word_1_87' title='bbox 1024 1865 1082 1933; x_wconf 76' lang='lat' dir='ltr'><strong>pe-</strong></span> 
     </span>
    </p>

    <p class='ocr_par' dir='ltr' id='par_1_3' title="bbox 46 1940 1083 2167">
     <span class='ocr_line' id='line_1_14' title="bbox 151 1940 1083 2050; baseline 0 -18"><span class='ocrx_word' id='word_1_88' title='bbox 151 1940 258 2045; x_wconf 85' lang='lat' dir='ltr'><strong>nitus,</strong></span> <span class='ocrx_word' id='word_1_89' title='bbox 290 1984 350 2031; x_wconf 91' lang='lat' dir='ltr'><strong>nos</strong></span> <span class='ocrx_word' id='word_1_90' title='bbox 373 1983 448 2031; x_wconf 86' lang='lat' dir='ltr'><strong>sane</strong></span> <span class='ocrx_word' id='word_1_91' title='bbox 478 1983 535 2031; x_wconf 90' lang='lat' dir='ltr'><strong>nec</strong></span> <span class='ocrx_word' id='word_1_92' title='bbox 561 1966 686 2048; x_wconf 86' lang='lat' dir='ltr'><strong>assequi</strong></span> <span class='ocrx_word' id='word_1_93' title='bbox 706 1966 927 2050; x_wconf 87' lang='lat' dir='ltr'><strong>philosophiae</strong></span> <span class='ocrx_word' id='word_1_94' title='bbox 944 1965 1083 2033; x_wconf 84' lang='lat' dir='ltr'><strong>Platoni·</strong></span> 
     </span>
     <span class='ocr_line' id='line_1_15' title="bbox 46 2056 1080 2167; baseline 0.005 -18"><span class='ocrx_word' id='word_1_95' title='bbox 46 2056 50 2069; x_wconf 46' lang='lat'>⁴</span> <span class='ocrx_word' id='word_1_96' title='bbox 150 2103 204 2149; x_wconf 84' lang='lat' dir='ltr'><strong>cae</strong></span> <span class='ocrx_word' id='word_1_97' title='bbox 225 2082 342 2162; x_wconf 78' lang='lat' dir='ltr'><strong>linem,</strong></span> <span class='ocrx_word' id='word_1_98' title='bbox 363 2099 420 2146; x_wconf 89' lang='lat' dir='ltr'><strong>nec</strong></span> <span class='ocrx_word' id='word_1_99' title='bbox 444 2099 520 2147; x_wconf 89' lang='lat' dir='ltr'><strong>vero</strong></span> <span class='ocrx_word' id='word_1_100' title='bbox 546 2080 685 2148; x_wconf 82' lang='lat' dir='ltr'><strong>fructum</strong></span> <span class='ocrx_word' id='word_1_101' title='bbox 705 2098 816 2167; x_wconf 89' lang='lat' dir='ltr'><strong>capere</strong></span> <span class='ocrx_word' id='word_1_102' title='bbox 832 2084 871 2151; x_wconf 89' lang='lat' dir='ltr'><strong>ad</strong></span> <span class='ocrx_word' id='word_1_103' title='bbox 883 2084 966 2152; x_wconf 81' lang='lat' dir='ltr'><strong>vitoe</strong></span> <span class='ocrx_word' id='word_1_104' title='bbox 985 2099 1080 2154; x_wconf 84' lang='lat' dir='ltr'><strong>usum</strong></span> 
     </span>
    </p>
   </div>
   <div class='ocr_carea' id='block_1_3' title="bbox 149 2186 1082 2396">
    <p class='ocr_par' dir='ltr' id='par_1_4' title="bbox 149 2186 1082 2396">
     <span class='ocr_line' id='line_1_16' title="bbox 149 2186 1082 2283; baseline 0.003 -19"><span class='ocrx_word' id='word_1_105' title='bbox 149 2219 169 2264; x_wconf 88' lang='lat' dir='ltr'><strong>e</strong></span> <span class='ocrx_word' id='word_1_106' title='bbox 201 2197 380 2265; x_wconf 84' lang='lat' dir='ltr'><strong>sublimium</strong></span> <span class='ocrx_word' id='word_1_107' title='bbox 408 2197 516 2259; x_wconf 87' lang='lat' dir='ltr'><strong>harum</strong></span> <span class='ocrx_word' id='word_1_108' title='bbox 544 2215 647 2261; x_wconf 89' lang='lat' dir='ltr'><strong>rerum</strong></span> <span class='ocrx_word' id='word_1_109' title='bbox 672 2186 938 2282; x_wconf 68' lang='lat' dir='ltr'><strong>contemplatione</strong></span> <span class='ocrx_word' id='word_1_110' title='bbox 964 2201 1082 2283; x_wconf 87' lang='lat' dir='ltr'><strong>poteri-</strong></span> 
     </span>
     <span class='ocr_line' id='line_1_17' title="bbox 152 2309 1078 2396; baseline 0.001 -18"><span class='ocrx_word' id='word_1_111' title='bbox 152 2317 252 2378; x_wconf 66' lang='lat' dir='ltr'><strong>mus,</strong></span> <span class='ocrx_word' id='word_1_112' title='bbox 296 2310 458 2390; x_wconf 87' lang='lat' dir='ltr'><strong>Percipere</strong></span> <span class='ocrx_word' id='word_1_113' title='bbox 488 2321 591 2371; x_wconf 88' lang='lat' dir='ltr'><strong>autem</strong></span> <span class='ocrx_word' id='word_1_114' title='bbox 621 2325 673 2371; x_wconf 87' lang='lat' dir='ltr'><strong>eo·</strong></span> <span class='ocrx_word' id='word_1_115' title='bbox 688 2309 810 2373; x_wconf 87' lang='lat' dir='ltr'><strong>facilius</strong></span> <span class='ocrx_word' id='word_1_116' title='bbox 841 2314 917 2378; x_wconf 88' lang='lat' dir='ltr'><strong>hacc</strong></span> <span class='ocrx_word' id='word_1_117' title='bbox 949 2315 1078 2396; x_wconf 84' lang='lat' dir='ltr'><strong>licebit,</strong></span> 
     </span>
    </p>
   </div>
   <div class='ocr_carea' id='block_1_4' title="bbox 149 2423 1081 2743">
    <p class='ocr_par' dir='ltr' id='par_1_5' title="bbox 149 2423 1081 2743">
     <span class='ocr_line' id='line_1_18' title="bbox 151 2423 1081 2512; baseline -0.004 -16"><span class='ocrx_word' id='word_1_118' title='bbox 151 2449 217 2512; x_wconf 90' lang='lat' dir='ltr'><strong>quo</strong></span> <span class='ocrx_word' id='word_1_119' title='bbox 244 2427 366 2511; x_wconf 82' lang='lat' dir='ltr'><strong>plenius</strong></span> <span class='ocrx_word' id='word_1_120' title='bbox 396 2442 476 2507; x_wconf 82' lang='lat' dir='ltr'><strong>quae</strong></span> <span class='ocrx_word' id='word_1_121' title='bbox 502 2425 542 2489; x_wconf 87' lang='lat' dir='ltr'><strong>de</strong></span> <span class='ocrx_word' id='word_1_122' title='bbox 572 2423 803 2506; x_wconf 85' lang='lat' dir='ltr'><strong>disciplinarum</strong></span> <span class='ocrx_word' id='word_1_123' title='bbox 836 2425 869 2490; x_wconf 86' lang='lat' dir='ltr'><strong>vi</strong></span> <span class='ocrx_word' id='word_1_124' title='bbox 899 2438 932 2491; x_wconf 90' lang='lat' dir='ltr'><strong>et</strong></span> <span class='ocrx_word' id='word_1_125' title='bbox 961 2426 1081 2509; x_wconf 87' lang='lat' dir='ltr'><strong>propo·</strong></span> 
     </span>
     <span class='ocr_line' id='line_1_19' title="bbox 149 2527 1081 2628; baseline -0.004 -14"><span class='ocrx_word' id='word_1_126' title='bbox 149 2548 212 2614; x_wconf 88' lang='lat' dir='ltr'><strong>sito</strong></span> <span class='ocrx_word' id='word_1_127' title='bbox 238 2565 332 2628; x_wconf 89' lang='lat' dir='ltr'><strong>supra</strong></span> <span class='ocrx_word' id='word_1_128' title='bbox 354 2527 563 2621; x_wconf 84' lang='lat' dir='ltr'><strong>monuimus,</strong></span> <span class='ocrx_word' id='word_1_129' title='bbox 606 2540 638 2606; x_wconf 83' lang='lat' dir='ltr'><strong>&#39;m</strong></span> <span class='ocrx_word' id='word_1_130' title='bbox 674 2539 851 2607; x_wconf 89' lang='lat' dir='ltr'><strong>memoriam</strong></span> <span class='ocrx_word' id='word_1_131' title='bbox 888 2541 1081 2610; x_wconf 83' lang='lat' dir='ltr'><strong>revocaveri-</strong></span> 
     </span>
     <span class='ocr_line' id='line_1_20' title="bbox 149 2657 963 2743; baseline -0.009 -10"><span class='ocrx_word' id='word_1_132' title='bbox 149 2685 231 2733; x_wconf 84' lang='lat' dir='ltr'><strong>mus.</strong></span> <span class='ocrx_word' id='word_1_133' title='bbox 276 2662 441 2728; x_wconf 88' lang='lat' dir='ltr'><strong>Ordiamur</strong></span> <span class='ocrx_word' id='word_1_134' title='bbox 466 2674 568 2727; x_wconf 85' lang='lat' dir='ltr'><strong>autem</strong></span> <span class='ocrx_word' id='word_1_135' title='bbox 593 2678 611 2725; x_wconf 87' lang='lat' dir='ltr'><strong>a</strong></span> <span class='ocrx_word' id='word_1_136' title='bbox 636 2671 798 2743; x_wconf 87' lang='lat' dir='ltr'><strong>postremo</strong></span> <span class='ocrx_word' id='word_1_137' title='bbox 824 2657 963 2726; x_wconf 87' lang='lat' dir='ltr'><strong>illorum.</strong></span> 
     </span>
    </p>
   </div>
   <div class='ocr_carea' id='block_1_5' title="bbox 230 2879 997 3077">
    <p class='ocr_par' dir='ltr' id='par_1_6' title="bbox 230 2879 997 3077">
     <span class='ocr_line' id='line_1_21' title="bbox 230 2879 997 2976; baseline 0.01 -14"><span class='ocrx_word' id='word_1_138' title='bbox 230 2897 292 2962; x_wconf 78' lang='lat' dir='ltr'><strong>Dc</strong></span> <span class='ocrx_word' id='word_1_139' title='bbox 324 2897 513 2962; x_wconf 81' lang='lat' dir='ltr'><strong>hominis</strong></span> <span class='ocrx_word' id='word_1_140' title='bbox 544 2879 816 2960; x_wconf 76' lang='lat' dir='ltr'><strong>inmundum</strong></span> <span class='ocrx_word' id='word_1_141' title='bbox 849 2902 997 2976; x_wconf 72' lang='grc' dir='ltr'><strong><em>νοητὸν</em></strong></span> 
     </span>
     <span class='ocr_line' id='line_1_22' title="bbox 481 3013 747 3077; baseline 0.004 -3"><span class='ocrx_word' id='word_1_142' title='bbox 481 3013 747 3077; x_wconf 76' lang='lat' dir='ltr'><strong>escensione.</strong></span> 
     </span>
    </p>
   </div>
   <div class='ocr_carea' id='block_1_6' title="bbox 127 3232 1168 3672">
    <p class='ocr_par' dir='ltr' id='par_1_7' title="bbox 127 3232 1168 3672">
     <span class='ocr_line' id='line_1_23' title="bbox 189 3232 1168 3329; baseline -0.015 -13"><span class='ocrx_word' id='word_1_143' title='bbox 189 3232 412 3329; x_wconf 84' lang='lat' dir='ltr'><strong>Philosophiae</strong></span> <span class='ocrx_word' id='word_1_144' title='bbox 429 3241 671 3325; x_wconf 86' lang='lat' dir='ltr'><strong>verissimaeque</strong></span> <span class='ocrx_word' id='word_1_145' title='bbox 686 3244 823 3320; x_wconf 68' lang='lat' dir='ltr'><strong>noticiae</strong></span> <span class='ocrx_word' id='word_1_146' title='bbox 838 3239 986 3326; x_wconf 83' lang='lat' dir='ltr'><strong>princeps</strong></span> <span class='ocrx_word' id='word_1_147' title='bbox 1005 3244 1075 3328; x_wconf 80' lang='lat' dir='ltr'><strong>est‘,</strong></span> <span class='ocrx_word' id='word_1_148' title='bbox 1166 3296 1168 3301; x_wconf 78' lang='grc'>,</span> 
     </span>
     <span class='ocr_line' id='line_1_24' title="bbox 130 3358 1078 3441; baseline 0.002 -15"><span class='ocrx_word' id='word_1_149' title='bbox 130 3363 200 3432; x_wconf 79' lang='lat' dir='ltr'><strong>·ut&#39;l</strong></span> <span class='ocrx_word' id='word_1_150' title='bbox 224 3362 385 3440; x_wconf 86' lang='lat' dir='ltr'><strong>vidimus,</strong></span> <span class='ocrx_word' id='word_1_151' title='bbox 431 3358 592 3437; x_wconf 89' lang='lat' dir='ltr'><strong>officium,</strong></span> <span class='ocrx_word' id='word_1_152' title='bbox 640 3371 674 3421; x_wconf 93' lang='lat' dir='ltr'><strong>ut</strong></span> <span class='ocrx_word' id='word_1_153' title='bbox 704 3368 871 3441; x_wconf 82' lang='lat' dir='ltr'><strong>postquam</strong></span> <span class='ocrx_word' id='word_1_154' title='bbox 902 3376 962 3427; x_wconf 84' lang='lat' dir='ltr'><strong>nos</strong></span> <span class='ocrx_word' id='word_1_155' title='bbox 988 3359 1078 3429; x_wconf 78' lang='lat' dir='ltr'><strong>falsis</strong></span> 
     </span>
     <span class='ocr_line' id='line_1_25' title="bbox 127 3474 1076 3560; baseline 0.004 -20"><span class='ocrx_word' id='word_1_156' title='bbox 127 3477 427 3560; x_wconf 55' lang='lat' dir='ltr'><strong>*praeiudicatisque</strong></span> <span class='ocrx_word' id='word_1_157' title='bbox 456 3474 683 3557; x_wconf 87' lang='lat' dir='ltr'><strong>opinionibus,</strong></span> <span class='ocrx_word' id='word_1_158' title='bbox 717 3488 794 3556; x_wconf 88' lang='lat' dir='ltr'><strong>quas</strong></span> <span class='ocrx_word' id='word_1_159' title='bbox 817 3475 953 3559; x_wconf 83' lang='lat' dir='ltr'><strong>legendis</strong></span> <span class='ocrx_word' id='word_1_160' title='bbox 972 3479 1076 3560; x_wconf 64' lang='lat' dir='ltr'><strong>poetis</strong></span> 
     </span>
     <span class='ocr_line' id='line_1_26' title="bbox 127 3589 1076 3672; baseline 0 -12"><span class='ocrx_word' id='word_1_161' title='bbox 127 3590 370 3672; x_wconf 85' lang='lat' dir='ltr'><strong>&#39;audiendisque</strong></span> <span class='ocrx_word' id='word_1_162' title='bbox 396 3590 571 3656; x_wconf 88' lang='lat' dir='ltr'><strong>oratoribus</strong></span> <span class='ocrx_word' id='word_1_163' title='bbox 593 3611 610 3658; x_wconf 88' lang='lat' dir='ltr'><strong>a</strong></span> <span class='ocrx_word' id='word_1_164' title='bbox 635 3593 741 3657; x_wconf 77' lang='lat' dir='ltr'><strong>teneri</strong></span> <span class='ocrx_word' id='word_1_165' title='bbox 767 3589 837 3656; x_wconf 86' lang='lat' dir='ltr'><strong>inde</strong></span> <span class='ocrx_word' id='word_1_166' title='bbox 856 3606 954 3660; x_wconf 86' lang='lat' dir='ltr'><strong>aetate</strong></span> <span class='ocrx_word' id='word_1_167' title='bbox 967 3614 1076 3667; x_wconf 87' lang='lat' dir='ltr'><strong>susce-</strong></span> 
     </span>
    </p>
   </div>
   <div class='ocr_carea' id='block_1_7' title="bbox 29 3705 1072 3796">
    <p class='ocr_par' dir='ltr' id='par_1_8' title="bbox 29 3705 1072 3796">
     <span class='ocr_line' id='line_1_27' title="bbox 29 3705 1072 3796; baseline 0.007 -25"><span class='ocrx_word' id='word_1_168' title='bbox 29 3792 31 3796; x_wconf 26' lang='grc'>,</span> <span class='ocrx_word' id='word_1_169' title='bbox 145 3709 276 3795; x_wconf 88' lang='lat' dir='ltr'><strong>pimus,</strong></span> <span class='ocrx_word' id='word_1_170' title='bbox 320 3706 439 3773; x_wconf 85' lang='lat' dir='ltr'><strong>liberati</strong></span> <span class='ocrx_word' id='word_1_171' title='bbox 479 3705 630 3774; x_wconf 87' lang='lat' dir='ltr'><strong>fuerimus</strong></span> <span class='ocrx_word' id='word_1_172' title='bbox 664 3707 872 3789; x_wconf 88' lang='lat' dir='ltr'><strong>conversique</strong></span> <span class='ocrx_word' id='word_1_173' title='bbox 904 3726 1007 3776; x_wconf 88' lang='lat' dir='ltr'><strong>mente</strong></span> <span class='ocrx_word' id='word_1_174' title='bbox 1033 3712 1072 3778; x_wconf 92' lang='lat' dir='ltr'><strong>ab</strong></span> 
     </span>
    </p>
   </div>
   <div class='ocr_carea' id='block_1_8' title="bbox 127 3824 1075 4129">
    <p class='ocr_par' dir='ltr' id='par_1_9' title="bbox 127 3824 1075 4129">
     <span class='ocr_line' id='line_1_28' title="bbox 127 3824 1075 3925; baseline 0.003 -33"><span class='ocrx_word' id='word_1_175' title='bbox 127 3825 196 3892; x_wconf 82' lang='lat' dir='ltr'><strong>·hi·s&#39;</strong></span> <span class='ocrx_word' id='word_1_176' title='bbox 216 3824 342 3890; x_wconf 82' lang='lat' dir='ltr'><strong>umbris</strong></span> <span class='ocrx_word' id='word_1_177' title='bbox 362 3825 596 3890; x_wconf 85' lang='lat' dir='ltr'><strong>simulacrorum</strong></span> <span class='ocrx_word' id='word_1_178' title='bbox 623 3824 661 3890; x_wconf 89' lang='lat' dir='ltr'><strong>ad</strong></span> <span class='ocrx_word' id='word_1_179' title='bbox 686 3824 754 3908; x_wconf 88' lang='lat' dir='ltr'><strong>ipsa</strong></span> <span class='ocrx_word' id='word_1_180' title='bbox 780 3824 964 3907; x_wconf 80' lang='lat' dir='ltr'><strong>simulacra,</strong></span> <span class='ocrx_word' id='word_1_181' title='bbox 994 3847 1075 3925; x_wconf 75' lang='lat' dir='ltr'><strong>quae</strong></span> 
     </span>
     <span class='ocr_line' id='line_1_29' title="bbox 141 3920 1071 4027; baseline 0.002 -16"><span class='ocrx_word' id='word_1_182' title='bbox 141 3945 175 4011; x_wconf 92' lang='lat' dir='ltr'><strong>in</strong></span> <span class='ocrx_word' id='word_1_183' title='bbox 203 3944 319 4009; x_wconf 86' lang='lat' dir='ltr'><strong>mundo</strong></span> <span class='ocrx_word' id='word_1_184' title='bbox 346 3941 547 4025; x_wconf 85' lang='lat' dir='ltr'><strong>adspectabili</strong></span> <span class='ocrx_word' id='word_1_185' title='bbox 570 3939 716 4008; x_wconf 82' lang='lat' dir='ltr'><strong>sensibus</strong></span> <span class='ocrx_word' id='word_1_186' title='bbox 741 3920 982 4027; x_wconf 40' lang='lat' dir='ltr'><strong>&#39;percipiunturc</strong></span> <span class='ocrx_word' id='word_1_187' title='bbox 1003 3958 1071 4013; x_wconf 84' lang='lat' dir='ltr'><strong>tum</strong></span> 
     </span>
     <span class='ocr_line' id='line_1_30' title="bbox 586 4046 1071 4129; baseline 0.006 -5"><span class='ocrx_word' id='word_1_188' title='bbox 586 4059 612 4124; x_wconf 90' lang='lat' dir='ltr'><strong>B</strong></span> <span class='ocrx_word' id='word_1_189' title='bbox 648 4093 651 4098; x_wconf 93' lang='lat'>·</span> <span class='ocrx_word' id='word_1_190' title='bbox 895 4046 899 4059; x_wconf 76' lang='lat'>&#39;</span> <span class='ocrx_word' id='word_1_191' title='bbox 1011 4080 1071 4129; x_wconf 88' lang='lat' dir='ltr'><strong>nos</strong></span> 
     </span>
    </p>
   </div>
   <div class='ocr_carea' id='block_1_9' title="bbox 0 0 1452 5168">
    <p class='ocr_par' dir='ltr' id='par_1_10' title="bbox 0 0 1452 5168">
     <span class='ocr_line' id='line_1_31' title="bbox 0 0 1452 5168; baseline 0 5"><span class='ocrx_word' id='word_1_192' title='bbox 0 0 1452 5168; x_wconf 95' lang='lat' dir='ltr'><strong> </strong></span> 
     </span>
    </p>
   </div>
  </div>
 </body>
</html>
