2896 5168
171 632 263 699 Unde
284 635 386 712 lpsum
412 629 494 709 apud
522 625 707 691 recentiores
731 625 875 708 politicae
896 636 1007 688 nomen
1033 629 1094 692 cal·

172 747 301 814 liditatis
345 761 439 828 atque
460 741 611 809 ¹astutiae
649 740 906 823 significationem
942 745 1094 825 suscepit.

168 864 257 930 Nota
286 881 334 926 res
359 874 427 938 est,
452 878 516 940 quo
545 857 687 923 audaciae
708 857 950 938 temeritatisque
975 860 1031 924 hac
1061 861 1093 926 itt

176 999 207 1044 re
227 951 310 1061 apud
333 979 425 1043 ltalos
443 975 628 1057 processerit
649 974 912 1058 Macchiavellus3
936 977 990 1041 sed
1008 996 1095 1060 prae·

178 1096 274 1159 iverat
303 1093 364 1177 ipsi
390 1094 600 1159 Aristotelesa
644 1093 733 1175 cttjus
757 1109 776 1155 e
802 1092 939 1171 politicis
970 1095 1096 1177 scriptis

174 1231 244 1277 cum
255 1212 311 1276 alia
327 1213 395 1276 loca
412 1210 594 1294 interpretes
607 1206 823 1274 Matthiavelli
840 1226 1007 1290 notarunt,
1030 1227 1094 1277 tum

176 1331 254 1394 itanc
274 1329 479 1394 sententiamt
522 1347 582 1391 nott
611 1341 683 1411 optas
712 1339 757 1388 est
779 1328 938 1413 principi,
971 1343 1007 1390 tat
1038 1331 1075 1393 st’
1083 1343 1098 1394 t

175 1449 285 1527 lanas,
307 1443 392 1511 maala
412 1465 472 1510 esse
491 1439 762 1508 staeatarhl.
819 1442 913 1524 Apud
939 1443 1095 1508 Platonem

176 1583 251 1629 sero
284 1562 401 1628 ethicae
432 1562 563 1626 illudet
591 1559 734 1640 politicae
758 1559 914 1623 vinculum
944 1561 1096 1641 integrum

177 1693 299 1745 exstat:
319 1678 413 1759 ¹quod
432 1689 516 1740 recte
534 1677 720 1754 tenendum,
741 1690 775 1739 ut
794 1676 934 1757 dialogos
954 1679 1021 1760 ejus
1043 1697 1101 1759 po-

178 1793 306 1871 liticos,
327 1811 397 1858 cum
416 1806 575 1868 caeteros,
598 1805 663 1854 tum
681 1790 714 1854 in
731 1789 839 1871 primis
853 1790 1019 1870 Peltatam,
1043 1809 1100 1856 un·

177 1911 217 1975 de
244 1910 317 1974 haec
344 1907 445 1972 omnia
476 1908 644 1985 duximus,
666 1922 749 1971 tecte
770 1906 988 1987 intelligamus.

383 2139 439 2203 De
466 2139 668 2225 politicis
702 2139 900 2203 Platonis

544 2253 744 2340 dialogis.

220 2494 267 2560 Ut
286 2493 411 2559 eroticis
430 2491 610 2576 philosophi
637 2492 766 2575 dialogis
791 2494 963 2570 dialectici,
986 2495 1027 2559 ita
1055 2496 1104 2562 his

159 2610 340 2677 subsecuti
378 2609 499 2693 politici
538 2609 706 2674 videntur:
751 2628 829 2690 qnae
865 2611 955 2684 ratio
979 2611 1103 2695 ingenio

179 2728 315 2794 hominis
341 2727 467 2808 proptia
489 2743 560 2801 est,
583 2741 618 2790 ut
645 2744 662 2790 a
685 2729 795 2806 pulcro
817 2727 853 2791 ad
881 2745 1010 2806 verum,
1032 2731 1105 2796 hinc

179 2859 280 2912 autem
303 2844 478 2926 adjustum
501 2841 681 2922 bonumque
709 2859 743 2905 ac
774 2860 873 2906 retum
903 2844 1104 2911 humanarum

181 2961 357 3027 interiorem
379 2958 628 3038 disquisitionem
657 2958 815 3038 procedat.
858 2957 965 3039 ltaque
986 2961 1104 3044 scripto

182 3077 341 3146 Theaeteto
361 3094 395 3139 ac
416 3074 559 3160 Sophiste
580 3076 617 3138 ad
640 3075 803 3140 Politieam
829 3095 1013 3159 progressus
1034 3093 1103 3162 est;

180 3191 327 3271 sedhic,
349 3190 492 3271 quamvis
517 3191 642 3256 nomine
668 3189 827 3274 politicam
850 3194 1040 3275 prudentiam
1060 3214 1108 3262 te·
1145 3246 1149 3253 .

183 3309 299 3386 ferret,
322 3327 354 3372 re
375 3321 496 3388 tamen,
519 3323 554 3372 ut
575 3309 733 3389 vidimus,
756 3311 795 3375 ad
821 3309 1005 3377 dialecticam
1038 3334 1108 3397 pet·

182 3425 302 3490 timebat
331 3423 472 3489 maxime.
538 3424 695 3490 Politicam
735 3427 856 3490 demum
878 3405 880 3409 ’
901 3428 969 3493 data
1013 3449 1108 3511 opere

185 3556 313 3607 tractare
341 3541 373 3604 in
396 3540 543 3625 Gorgia,
575 3541 766 3622 maximeque
788 3542 820 3607 iu
845 3543 961 3608 Politia
989 3548 1106 3630 coepit.

184 3661 324 3744 Gorgiae
352 3671 587 3737 argumentum,
629 3674 663 3722 ut
688 3658 846 3737 Phaedri,
888 3659 1108 3746 Rhetoricam‚

223 3922 263 3988 (sl
283 3915 322 3970 V·
342 3917 456 3970 Aristol.
477 3918 565 3970 Polie.
585 3919 622 3974 V.
640 3935 666 3984 p.
679 3921 723 3974 231
786 3920 831 3973 ct.
851 3892 986 3978 rtem-ml
1009 3933 1106 3984 Diear.

189 4022 218 4074 t'tt
233 4017 390 4070 rocellae.
412 4033 505 4085 opusc.
522 4019 554 4069 de
571 4019 715 4088 Principe.
738 4017 802 4073 Pstt
814 4020 854 4074 tl.
870 4038 898 4089 p.
909 4041 945 4086 7..
