2896 5168
562 511 739 574 ..17-

185 692 272 740 amot
291 687 411 757 potest.
464 673 591 760 Quodsi
612 676 650 740 de
668 673 789 758 justitia
809 692 843 739 ac
869 674 997 743 caeteris
1020 676 1120 746 virtu·

75 830 80 841 ·
183 791 272 859 tibus
295 791 490 879 majoribus,
512 792 613 873 deque
639 793 720 858 vitae
746 809 931 874 morumque
959 794 1120 859 sanctitate

186 909 384 992 quaerimus,
416 910 548 975 uirtutis
569 921 684 973 auctor
713 925 800 972 amor
817 921 888 985 est,
921 910 1007 991 quod
1024 910 1120 975 Phae·

183 1027 258 1089 drus
280 1043 341 1090 nos
360 1025 393 1088 in
414 1024 583 1108 Symposio
606 1023 739 1104 docuit,
773 1024 837 1088 imo
858 1041 934 1087 vero
955 1025 1043 1088 solus
1066 1022 1119 1088 hic

185 1142 330 1207 homines
363 1140 409 1206 ad
433 1145 583 1208 uirtutem
615 1146 724 1218 ἐνθεοὺς
762 1138 856 1207 facita
899 1155 1011 1224 estque
1039 1142 1119 1208 idem

110 1234 114 1247 ’
184 1258 260 1334 ille,
282 1257 321 1322 de
340 1257 445 1324 divina
465 1257 620 1324 Diotimae
645 1257 817 1337 sententii,
849 1257 927 1322 inter
951 1257 1040 1323 Deos
1062 1258 1122 1323 ho·

184 1374 347 1457 minesque
375 1375 598 1453 intermedius,
633 1376 756 1440 illorum
788 1375 826 1440 od
853 1375 912 1439 hos
945 1373 1118 1456 beneficia,

187 1492 362 1575 horumque
391 1493 430 1558 ad
462 1492 534 1557 illos
564 1510 673 1574 preces
698 1488 908 1570 transferens,
932 1506 966 1556 ut
989 1492 1120 1587 immen-

186 1629 282 1690 sum,
315 1629 380 1691 quo
410 1623 593 1692 separantur
623 1629 640 1673 a
666 1626 700 1673 se
730 1607 888 1688 invicem,
925 1606 1121 1674 intervallum

187 1724 365 1806 compleat:
389 1725 612 1805 hominemque
637 1723 788 1802 omnino,
810 1725 949 1789 Deorum
975 1726 1062 1788 cultu
1091 1741 1123 1789 et

188 1839 411 1918 veneratione,
434 1841 471 1904 ad
499 1838 581 1903 vitae
611 1838 817 1920 integritatem
843 1842 1121 1921 sanctitatemque,

190 1957 228 2021 ad
262 1956 384 2022 divinae
420 1956 496 2021 adeo
532 1969 658 2020 naturae
695 1954 929 2020 similitudinem
962 1954 1121 2021 informat.

190 2073 309 2159 Quidni
344 2073 465 2156 igitur,
509 2086 544 2137 ut
574 2071 674 2137 adhuc
711 2071 863 2150 fecimus,
905 2072 951 2136 sic
977 2071 1122 2155 deinceps

189 2210 323 2258 amorem
352 2188 564 2272 principium,
601 2189 682 2253 unde
711 2187 828 2270 optima
856 2206 997 2270 quaeque
1031 2191 1123 2255 duca·

191 2294 281 2387 ntus,
312 2306 522 2372 habebimus?
566 2306 626 2370 Sed
654 2322 740 2370 amor
759 2319 914 2388 praeterea
941 2306 1017 2369 hanc
1039 2305 1123 2386 apud

191 2443 252 2491 nos
279 2424 341 2488 vitn
366 2425 478 2503 habet,
511 2438 566 2502 ut,
593 2422 779 2503 optimarum
803 2440 904 2487 rerum
927 2421 1121 2505 cupiditate,

194 2560 304 2624 pravas
331 2540 540 2622 cupiditates,
571 2557 649 2619 quae
681 2538 753 2602 item
784 2537 892 2602 insunt
920 2537 1013 2602 animi
1034 2553 1125 2604 natu·

194 2675 267 2736 rae,
297 2657 462 2723 accesserit
482 2657 576 2721 modo
597 2654 724 2720 rationis
744 2654 932 2736 imperium,
963 2653 1123 2721 vincamus

195 2793 229 2839 ac
250 2780 460 2841 coerceamus.
516 2771 602 2836 Haec
623 2786 723 2835 autem
747 2770 893 2833 naturalis
913 2769 1005 2833 animi
1023 2769 1127 2834 nostri

196 2890 360 2971 conditio,
399 2906 432 2953 ut
474 2888 512 2953 ad
550 2886 642 2951 finem
669 2886 836 2966 aliquando
868 2883 1125 2964 disquisitionum

198 3021 395 3084 nostrarum,
430 3005 485 3085 qui
518 3003 580 3066 vita
601 3001 689 3066 beata
711 3016 782 3080 est,
816 2997 946 3065 feliciter
966 3000 1128 3082 pervenit·

200 3138 290 3199 mus,
312 3122 362 3186 hic
384 3119 478 3184 nobis
499 3118 651 3183 continuo
678 3119 842 3201 diiigenter
861 3118 1042 3202 exponenda
1064 3131 1126 3185 est.

243 3238 343 3301 Amor
371 3234 402 3298 in
431 3234 533 3299 animo
554 3234 690 3300 hominis
712 3232 898 3300 desiderium
920 3251 968 3301 est
988 3235 1127 3319 proprie.

202 3354 252 3418 Ex
271 3350 439 3435 indigentia
456 3351 534 3416 enim
554 3352 676 3430 oritur,
700 3364 734 3416 ut
755 3351 899 3420 Socrates
915 3370 975 3416 nos
993 3357 1025 3416 in
1037 3353 1129 3435 Synt-

202 3469 315 3553 posio,
339 3468 475 3550 itemque
496 3462 722 3549 Aristophanes
743 3468 861 3533 docuit.
887 3466 927 3535 (Ι)
969 3469 1005 3534 Id
1023 3468 1129 3550 enirn,

202 3603 268 3666 quo
284 3602 442 3661 caremus,
465 3584 552 3665 quod
571 3583 775 3664 requirimus,
799 3585 886 3666 quod
904 3583 1130 3665 desideramus,

201 3717 291 3780 non,
321 3701 406 3781 quod
438 3699 608 3778 iubemus,
639 3714 783 3783 appetere
810 3715 906 3781 atque
931 3718 1031 3766 aurare
1051 3702 1133 3766 sole·

203 3834 283 3881 mua.
336 3815 524 3898 Cuiusmodi
549 3817 707 3898 appetitus
730 3837 765 3882 ac
788 3817 936 3913 desiderio
958 3816 996 3883 in
1028 3810 1133 3884 brutis

1067 3936 1135 3999 arti·

241 4071 280 4137 (t)
301 4068 403 4123 v01.1.
421 4086 447 4136 p.
468 4086 515 4142 ιη
535 4077 640 4140 eittq·
706 4084 709 4089 ·

657 4170 682 4233 B
