2896 5168
682 483 876 549 ..ω-

310 654 412 721 vero,
431 636 596 724 ‘quamvls
623 628 887 730 philosophandi,
925 650 1018 733 quam
1048 649 1240 733 ammovit.

309 751 392 823 'ratio
408 774 479 825 ¹nos
508 757 630 825 duxerit
644 759 752 843 illuc,
775 761 939 848 ipsiusque
965 764 1169 849 philosophia
1188 767 1238 834 sic

201 893 209 946 7
310 886 439 939 naturae
474 873 518 940 sit
556 890 785 961 consentanea,
827 894 864 947 ut
894 881 1008 948 dixeris
1036 879 1122 963 fer'e,
1143 881 1245 949 hous-¹

308 1001 372 1056 tam
409 990 490 1056 illam
527 990 600 1059 inde
636 1011 724 1076 osso,
758 995 863 1063 minus
892 1009 1018 1092 umes,
1063 1017 1156 1080 quam
1170 1004 1237 1081 'pat

305 1105 401 1188 erat,
432 1126 451 1172 e
482 1107 639 1175 thesauris
666 1110 913 1195 istis'profecit.
954 1113 1080 1198 Nempe
1108 1113 1146 1179 de
1162 1137 1165 1144 Δ
1180 1130 1241 1178 vo·

258 1205 262 1213 ’
303 1221 399 1289 ritate
431 1223 679 1312 philosophatus
708 1227 862 1295 continuo
897 1241 970 1310 est,
1018 1247 1151 1313 eamque
1176 1247 1237 1312 op·

304 1339 382 1409 timi
420 1355 453 1408 et
482 1340 648 1425 indagandi
675 1354 708 1404 et
736 1338 874 1404 tradendi
902 1340 957 1407 vil
987 1359 1060 1407 cum
1094 1343 1164 1425 ipse
1187 1342 1237 1409 io·

303 1457 410 1525 venire
438 1471 505 1522 tum
521 1477 523 1480 ⁴
538 1454 705 1519 nobiscum
738 1453 971 1521 communicare
997 1455 1131 1523 studuit.
1199 1457 1236 1526 ld

300 1584 405 1637 autem
440 1588 505 1655 quo
530 1570 636 1655 aptius
675 1568 835 1655 perfecit,
864 1589 905 1638 eo
935 1583 1018 1638 nunc
1048 1571 1142 1637 nohis
1171 1573 1236 1639 cla·

279 1685 393 1768 sius,
422 1706 441 1752 e
457 1686 598 1754 veritatis
628 1684 719 1767 ilis,
734 1706 813 1770 quas
831 1687 925 1767 lixit*
947 1686 1157 1773 imaginihus,
1178 1708 1234 1756 ves

300 1805 375 1876 ritas
395 1817 494 1888 patet.
537 1803 635 1890 Quod
662 1803 715 1871 hlc
744 1803 890 1871 duximus
921 1805 1110 1873 monendum
1140 1823 1232 1889 esse,

299 1941 367 2007 quo
389 1922 486 2009 magis
514 1921 623 1987 aetatis
643 1930 770 1986 nostrae
786 1920 996 2006 philosophi,
1017 1913 1136 2004 quibus
1157 1939 1233 1991 sane

241 2052 256 2075 ⁴·
298 2043 393 2122 lomae
413 2040 531 2124 majore
560 2037 655 2121 copis
678 2037 816 2104 thesauri
842 2035 913 2118 illi,
946 2056 1039 2120 quam
1064 2037 1140 2105 olim
1160 2039 1235 2106 Pla·

297 2155 390 2238 toni,
411 2168 538 2240 patent,
560 2153 622 2220 hoc
639 2154 720 2220 duce
740 2168 773 2219 et
787 2155 976 2237 investigent
1004 2173 1084 2236 eos,
1104 2168 1163 2237 et,
1185 2155 1236 2223 in·

295 2272 337 2339 de
354 2273 403 2337 -ot
425 2288 487 2336 nos
515 2270 589 2336 it‘em
614 2271 860 2336 emolumentum
887 2270 1069 2353 capiamus,
1101 2288 1230 2354 operam

295 2387 384 2456 dent.
427 2368 498 2453 Nec
521 2405 601 2453 vero
623 2385 662 2452 ad
691 2385 867 2479 lissguarom
887 2386 980 2453 unice
995 2386 1230 2471 philosophiam

294 2503 484 2571 tractandam
504 2505 638 2570 salutare
658 2501 720 2567 hoo
731 2502 915 2587 philosophi
936 2516 1134 2586 praeceptum
1155 2517 1227 2573 ests

294 2622 356 2687 late
371 2634 458 2704 patet
475 2637 532 2702 per
547 2617 749 2704 gravissimos
775 2636 921 2700 quosque
944 2619 1165 2703 philosophiae
1180 2623 1234 2688 lo-

291 2756 369 2811 cos:
392 2752 442 2803 est
459 2738 538 2803 adeo
549 2731 626 2801 'cum
647 2733 862 2817 metaphysica
893 2734 1032 2802 Platonis
1064 2735 1133 2804 sive
1159 2736 1227 2803 veri

290 2853 436 2919 doctrina
468 2835 640 2918 arctissime
667 2850 885 2933 coniunctum.
941 2851 1047 2935 Nam,
1078 2853 1226 2935 quemad·
1313 2870 1318 2881 ·

292 2972 420 3040 modom
449 2969 536 3052 ille,
567 2967 654 3051 quod
689 2967 778 3051 ajunt
809 2969 1039 3054 metaphysici,
1074 2969 1226 3058 aptiori
1327 3036 1329 3041 .

270 3089 535 3178 'philosophatus
559 3087 624 3167 ait,
644 3084 717 3152 hinc
733 3096 821 3168 patet
840 3085 983 3155 maxime.

388 3325 475 3411 Qua
502 3321 746 3411 praestitis
777 3322 956 3385 rationo
985 3272 1138 3402 Plato,
1198 3364 1216 3405 ;.
1302 3378 1308 3384 .

289 3440 394 3530 quod
407 3440 619 3526 postulare
646 3458 669 3504 a
696 3437 939 3523 philosophis
966 3439 1225 3525 metaphyslci
1264 3508 1265 3513 ,

321 3555 479 3638 solens,
510 3570 554 3622 ut
581 3575 604 3622 a
631 3555 777 3642 priori
797 3552 1214 3643 philosophorum

159 3882 160 3887 ἵ
325 3789 446 3860 Evexit
467 3806 528 3855 nos
557 3787 708 3872 cratylus
726 3786 868 3855 Platonis
893 3801 926 3863 et
957 3799 1026 3863 tota
1051 3787 1126 3856 haee
1147 3806 1225 3865 nos·
1324 3831 1327 3845 ·

282 3918 336 3974 ara
363 3908 407 3974 de
428 3896 605 3991 linguanim
629 3903 835 3988 philosophia
852 3903 1037 3989 disceptatio
1053 3904 1094 3971 ad
1119 3905 1224 3974 Plato·

281 4022 376 4097 micae
390 4016 579 4089 osoeeooe
600 4019 793 4111 fastigium,
815 4021 905 4104 quod
931 4020 1128 4104 huiusmodi·
1144 4036 1217 4101 ωε,

302 4169 305 4175 ’
1181 4147 1220 4202 ut
