<?xml version="1.0" encoding="UTF-8"?>
<!DOCTYPE html PUBLIC "-//W3C//DTD XHTML 1.0 Transitional//EN"
    "http://www.w3.org/TR/xhtml1/DTD/xhtml1-transitional.dtd">
<html xmlns="http://www.w3.org/1999/xhtml" xml:lang="en" lang="en">
 <head>
  <title>
</title>
<meta http-equiv="Content-Type" content="text/html;charset=utf-8" />
  <meta name='ocr-system' content='tesseract 3.04.00' />
  <meta name='ocr-capabilities' content='ocr_page ocr_carea ocr_par ocr_line ocrx_word'/>
</head>
<body>
  <div class='ocr_page' id='page_1' title='image "./initiaphilosoph04heusgoog_0054.png"; bbox 0 0 2896 5168; ppageno 0'>
   <div class='ocr_carea' id='block_1_1' title="bbox 534 451 761 535">
    <p class='ocr_par' dir='ltr' id='par_1_1' title="bbox 534 451 761 535">
     <span class='ocr_line' id='line_1_1' title="bbox 534 451 761 535; baseline 0 -23"><span class='ocrx_word' id='word_1_1' title='bbox 534 451 761 535; x_wconf 44' lang='lat' dir='ltr'><strong>-ar-w</strong></span> 
     </span>
    </p>
   </div>
   <div class='ocr_carea' id='block_1_2' title="bbox 112 611 1093 1523">
    <p class='ocr_par' dir='ltr' id='par_1_2' title="bbox 112 611 1093 1523">
     <span class='ocr_line' id='line_1_2' title="bbox 152 611 1081 694; baseline 0.003 -15"><span class='ocrx_word' id='word_1_2' title='bbox 152 613 191 679; x_wconf 82' lang='lat' dir='ltr'><strong>nd</strong></span> <span class='ocrx_word' id='word_1_3' title='bbox 211 612 328 680; x_wconf 86' lang='lat' dir='ltr'><strong>beatam</strong></span> <span class='ocrx_word' id='word_1_4' title='bbox 350 612 445 679; x_wconf 84' lang='grc'><strong>1111111</strong></span> <span class='ocrx_word' id='word_1_5' title='bbox 468 611 559 678; x_wconf 88' lang='lat' dir='ltr'><strong>unice</strong></span> <span class='ocrx_word' id='word_1_6' title='bbox 581 615 701 694; x_wconf 79' lang='lat' dir='ltr'><strong>valeat,</strong></span> <span class='ocrx_word' id='word_1_7' title='bbox 732 614 793 679; x_wconf 90' lang='lat' dir='ltr'><strong>buc</strong></span> <span class='ocrx_word' id='word_1_8' title='bbox 814 634 864 681; x_wconf 84' lang='lat' dir='ltr'><strong>me</strong></span> <span class='ocrx_word' id='word_1_9' title='bbox 886 629 987 681; x_wconf 90' lang='lat' dir='ltr'><strong>totum</strong></span> <span class='ocrx_word' id='word_1_10' title='bbox 1005 632 1081 682; x_wconf 90' lang='lat' dir='ltr'><strong>con·</strong></span> 
     </span>
     <span class='ocr_line' id='line_1_3' title="bbox 121 714 1084 816; baseline -0.003 -19"><span class='ocrx_word' id='word_1_11' title='bbox 121 714 282 799; x_wconf 79' lang='lat' dir='ltr'><strong>&#39;rernm</strong></span> <span class='ocrx_word' id='word_1_12' title='bbox 324 728 560 816; x_wconf 83' lang='lat' dir='ltr'><strong>Veruntamen,</strong></span> <span class='ocrx_word' id='word_1_13' title='bbox 596 728 678 794; x_wconf 87' lang='lat' dir='ltr'><strong>dicat</strong></span> <span class='ocrx_word' id='word_1_14' title='bbox 708 728 842 812; x_wconf 89' lang='lat' dir='ltr'><strong>aliquis,</strong></span> <span class='ocrx_word' id='word_1_15' title='bbox 877 730 960 799; x_wconf 86' lang='lat' dir='ltr'><strong>haud</strong></span> <span class='ocrx_word' id='word_1_16' title='bbox 993 730 1084 799; x_wconf 84' lang='lat' dir='ltr'><strong>facile</strong></span> 
     </span>
     <span class='ocr_line' id='line_1_4' title="bbox 152 842 1087 931; baseline -0.005 -13"><span class='ocrx_word' id='word_1_17' title='bbox 152 863 201 918; x_wconf 85' lang='lat' dir='ltr'><strong>est</strong></span> <span class='ocrx_word' id='word_1_18' title='bbox 227 850 345 931; x_wconf 86' lang='lat' dir='ltr'><strong>latete,</strong></span> <span class='ocrx_word' id='word_1_19' title='bbox 375 845 431 912; x_wconf 93' lang='lat' dir='ltr'><strong>ubi</strong></span> <span class='ocrx_word' id='word_1_20' title='bbox 460 846 596 931; x_wconf 75' lang='lat' dir='ltr'><strong>iniustus</strong></span> <span class='ocrx_word' id='word_1_21' title='bbox 621 842 731 914; x_wconf 85' lang='lat' dir='ltr'><strong>fueris.</strong></span> <span class='ocrx_word' id='word_1_22' title='bbox 774 847 820 913; x_wconf 85' lang='lat' dir='ltr'><strong>At</strong></span> <span class='ocrx_word' id='word_1_23' title='bbox 848 866 924 914; x_wconf 87' lang='lat' dir='ltr'><strong>vero</strong></span> <span class='ocrx_word' id='word_1_24' title='bbox 950 866 1087 929; x_wconf 86' lang='lat' dir='ltr'><strong>eorum,</strong></span> 
     </span>
     <span class='ocr_line' id='line_1_5' title="bbox 155 964 1090 1057; baseline -0.001 -25"><span class='ocrx_word' id='word_1_25' title='bbox 155 984 236 1049; x_wconf 86' lang='lat' dir='ltr'><strong>quae</strong></span> <span class='ocrx_word' id='word_1_26' title='bbox 252 982 362 1051; x_wconf 79' lang='lat' dir='ltr'><strong>megua</strong></span> <span class='ocrx_word' id='word_1_27' title='bbox 380 979 455 1031; x_wconf 91' lang='lat' dir='ltr'><strong>sunt</strong></span> <span class='ocrx_word' id='word_1_28' title='bbox 473 978 504 1030; x_wconf 89' lang='lat' dir='ltr'><strong>et</strong></span> <span class='ocrx_word' id='word_1_29' title='bbox 524 964 697 1047; x_wconf 84' lang='lat' dir='ltr'><strong>praeclara,</strong></span> <span class='ocrx_word' id='word_1_30' title='bbox 717 964 762 1030; x_wconf 92' lang='lat' dir='ltr'><strong>nil</strong></span> <span class='ocrx_word' id='word_1_31' title='bbox 781 980 830 1031; x_wconf 89' lang='lat' dir='ltr'><strong>est</strong></span> <span class='ocrx_word' id='word_1_32' title='bbox 850 964 954 1057; x_wconf 78' lang='lat' dir='ltr'><strong>facile.</strong></span> <span class='ocrx_word' id='word_1_33' title='bbox 1002 964 1090 1050; x_wconf 87' lang='lat' dir='ltr'><strong>Qua·</strong></span> 
     </span>
     <span class='ocr_line' id='line_1_6' title="bbox 153 1081 1089 1166; baseline 0.002 -19"><span class='ocrx_word' id='word_1_34' title='bbox 153 1093 304 1166; x_wconf 86' lang='lat' dir='ltr'><strong>propter,</strong></span> <span class='ocrx_word' id='word_1_35' title='bbox 331 1082 360 1150; x_wconf 92' lang='lat' dir='ltr'><strong>si</strong></span> <span class='ocrx_word' id='word_1_36' title='bbox 390 1081 471 1152; x_wconf 81' lang='lat' dir='ltr'><strong>beati</strong></span> <span class='ocrx_word' id='word_1_37' title='bbox 498 1099 569 1149; x_wconf 90' lang='lat' dir='ltr'><strong>esse</strong></span> <span class='ocrx_word' id='word_1_38' title='bbox 594 1082 751 1163; x_wconf 84' lang='lat' dir='ltr'><strong>velimus,</strong></span> <span class='ocrx_word' id='word_1_39' title='bbox 780 1083 855 1159; x_wconf 79' lang='lat' dir='ltr'><strong>illut</strong></span> <span class='ocrx_word' id='word_1_40' title='bbox 876 1081 1089 1166; x_wconf 87' lang='lat' dir='ltr'><strong>tendendum,</strong></span> 
     </span>
     <span class='ocr_line' id='line_1_7' title="bbox 112 1189 1092 1283; baseline 0.001 -17"><span class='ocrx_word' id='word_1_41' title='bbox 112 1189 114 1191; x_wconf 63' lang='grc'><strong>’</strong></span> <span class='ocrx_word' id='word_1_42' title='bbox 155 1215 418 1283; x_wconf 86' lang='lat' dir='ltr'><strong>quosermonutn</strong></span> <span class='ocrx_word' id='word_1_43' title='bbox 436 1198 568 1282; x_wconf 83' lang='lat' dir='ltr'><strong>vestigia</strong></span> <span class='ocrx_word' id='word_1_44' title='bbox 588 1195 707 1266; x_wconf 82' lang='lat' dir='ltr'><strong>ferunt.</strong></span> <span class='ocrx_word' id='word_1_45' title='bbox 751 1199 800 1267; x_wconf 88' lang='lat' dir='ltr'><strong>Ut</strong></span> <span class='ocrx_word' id='word_1_46' title='bbox 824 1201 995 1283; x_wconf 84' lang='lat' dir='ltr'><strong>lateamus,</strong></span> <span class='ocrx_word' id='word_1_47' title='bbox 1013 1217 1092 1267; x_wconf 90' lang='lat' dir='ltr'><strong>con·</strong></span> 
     </span>
     <span class='ocr_line' id='line_1_8' title="bbox 151 1313 1093 1400; baseline 0.001 -18"><span class='ocrx_word' id='word_1_48' title='bbox 151 1313 325 1400; x_wconf 81' lang='lat' dir='ltr'><strong>iuratioues</strong></span> <span class='ocrx_word' id='word_1_49' title='bbox 345 1314 576 1399; x_wconf 79' lang='lat' dir='ltr'>societatesque</span> <span class='ocrx_word' id='word_1_50' title='bbox 591 1316 756 1389; x_wconf 85' lang='lat' dir='ltr'><strong>ineundae.</strong></span> <span class='ocrx_word' id='word_1_51' title='bbox 804 1316 887 1384; x_wconf 89' lang='lat' dir='ltr'><strong>Sunt</strong></span> <span class='ocrx_word' id='word_1_52' title='bbox 918 1316 992 1385; x_wconf 89' lang='lat' dir='ltr'><strong>item</strong></span> <span class='ocrx_word' id='word_1_53' title='bbox 1020 1335 1093 1400; x_wconf 85' lang='lat' dir='ltr'><strong>per·</strong></span> 
     </span>
     <span class='ocr_line' id='line_1_9' title="bbox 154 1431 1093 1523; baseline 0.001 -23"><span class='ocrx_word' id='word_1_54' title='bbox 154 1431 312 1500; x_wconf 77' lang='lat' dir='ltr'><strong>suasionis</strong></span> <span class='ocrx_word' id='word_1_55' title='bbox 337 1433 500 1517; x_wconf 75' lang='lat' dir='ltr'><strong>magistri,</strong></span> <span class='ocrx_word' id='word_1_56' title='bbox 521 1451 657 1516; x_wconf 88' lang='lat' dir='ltr'><strong>quorum</strong></span> <span class='ocrx_word' id='word_1_57' title='bbox 681 1451 743 1517; x_wconf 91' lang='lat' dir='ltr'><strong>ope</strong></span> <span class='ocrx_word' id='word_1_58' title='bbox 768 1435 891 1517; x_wconf 88' lang='lat' dir='ltr'><strong>populo</strong></span> <span class='ocrx_word' id='word_1_59' title='bbox 919 1452 954 1501; x_wconf 85' lang='lat' dir='ltr'><strong>ac</strong></span> <span class='ocrx_word' id='word_1_60' title='bbox 976 1435 1093 1523; x_wconf 85' lang='lat' dir='ltr'><strong>judici·</strong></span> 
     </span>
    </p>
   </div>
   <div class='ocr_carea' id='block_1_3' title="bbox 154 1535 1234 1644">
    <p class='ocr_par' dir='ltr' id='par_1_3' title="bbox 154 1535 1234 1644">
     <span class='ocr_line' id='line_1_10' title="bbox 154 1535 1234 1644; baseline 0.002 -27"><span class='ocrx_word' id='word_1_61' title='bbox 154 1550 216 1644; x_wconf 89' lang='lat' dir='ltr'><strong>bus</strong></span> <span class='ocrx_word' id='word_1_62' title='bbox 239 1569 318 1627; x_wconf 64' lang='lat' dir='ltr'><strong>,cum</strong></span> <span class='ocrx_word' id='word_1_63' title='bbox 348 1549 604 1633; x_wconf 76' lang='lat' dir='ltr'><strong>persuadebimus</strong></span> <span class='ocrx_word' id='word_1_64' title='bbox 636 1566 702 1615; x_wconf 90' lang='lat' dir='ltr'><strong>tum</strong></span> <span class='ocrx_word' id='word_1_65' title='bbox 734 1548 811 1629; x_wconf 55' lang='lat' dir='ltr'><strong>vim,</strong></span> <span class='ocrx_word' id='word_1_66' title='bbox 830 1546 1024 1630; x_wconf 85' lang='lat' dir='ltr'><strong>inferemus,</strong></span> <span class='ocrx_word' id='word_1_67' title='bbox 1053 1566 1090 1619; x_wconf 91' lang='lat' dir='ltr'><strong>ut</strong></span> <span class='ocrx_word' id='word_1_68' title='bbox 1229 1535 1234 1541; x_wconf 40' lang='lat'>¹</span> 
     </span>
    </p>
   </div>
   <div class='ocr_carea' id='block_1_4' title="bbox 92 1664 1180 3507">
    <p class='ocr_par' dir='ltr' id='par_1_4' title="bbox 92 1664 1180 3507">
     <span class='ocr_line' id='line_1_11' title="bbox 155 1664 1090 1749; baseline -0.002 -16"><span class='ocrx_word' id='word_1_69' title='bbox 155 1666 258 1741; x_wconf 83' lang='lat' dir='ltr'><strong>nullas</strong></span> <span class='ocrx_word' id='word_1_70' title='bbox 275 1664 449 1732; x_wconf 75' lang='lat' dir='ltr'><strong>sucinorum</strong></span> <span class='ocrx_word' id='word_1_71' title='bbox 470 1671 588 1748; x_wconf 79' lang='lat' dir='ltr'><strong>poenas</strong></span> <span class='ocrx_word' id='word_1_72' title='bbox 606 1666 742 1730; x_wconf 76' lang='lat' dir='ltr'><strong>luemus.</strong></span> <span class='ocrx_word' id='word_1_73' title='bbox 779 1664 940 1745; x_wconf 72' lang='lat' dir='ltr'><strong>-verutn,</strong></span> <span class='ocrx_word' id='word_1_74' title='bbox 960 1665 1090 1749; x_wconf 86' lang='lat' dir='ltr'><strong>inquit,</strong></span> 
     </span>
     <span class='ocr_line' id='line_1_12' title="bbox 156 1779 1154 1865; baseline -0.005 -15"><span class='ocrx_word' id='word_1_75' title='bbox 156 1785 370 1864; x_wconf 84' lang='lat' dir='ltr'><strong>Deosneque</strong></span> <span class='ocrx_word' id='word_1_76' title='bbox 391 1780 487 1847; x_wconf 85' lang='lat' dir='ltr'><strong>latere</strong></span> <span class='ocrx_word' id='word_1_77' title='bbox 511 1795 615 1862; x_wconf 81' lang='lat' dir='ltr'><strong>neque</strong></span> <span class='ocrx_word' id='word_1_78' title='bbox 632 1779 665 1844; x_wconf 88' lang='lat' dir='ltr'><strong>vi</strong></span> <span class='ocrx_word' id='word_1_79' title='bbox 686 1779 811 1864; x_wconf 77' lang='lat' dir='ltr'><strong>aggredi</strong></span> <span class='ocrx_word' id='word_1_80' title='bbox 830 1781 916 1848; x_wconf 82' lang='lat' dir='ltr'><strong>licet.</strong></span> <span class='ocrx_word' id='word_1_81' title='bbox 965 1783 1092 1865; x_wconf 84' lang='lat' dir='ltr'><strong>Atqui,</strong></span> <span class='ocrx_word' id='word_1_82' title='bbox 1148 1805 1154 1823; x_wconf 88' lang='lat'><strong>·</strong></span> 
     </span>
     <span class='ocr_line' id='line_1_13' title="bbox 157 1895 1093 1982; baseline -0.001 -14"><span class='ocrx_word' id='word_1_83' title='bbox 157 1900 268 1968; x_wconf 90' lang='lat' dir='ltr'><strong>sinon</strong></span> <span class='ocrx_word' id='word_1_84' title='bbox 287 1896 357 1966; x_wconf 89' lang='lat' dir='ltr'><strong>sint·</strong></span> <span class='ocrx_word' id='word_1_85' title='bbox 372 1895 429 1967; x_wconf 88' lang='lat' dir='ltr'><strong>Dii</strong></span> <span class='ocrx_word' id='word_1_86' title='bbox 449 1897 501 1964; x_wconf 85' lang='lat' dir='ltr'><strong>uei</strong></span> <span class='ocrx_word' id='word_1_87' title='bbox 520 1914 570 1962; x_wconf 84' lang='lat' dir='ltr'><strong>res</strong></span> <span class='ocrx_word' id='word_1_88' title='bbox 589 1896 739 1969; x_wconf 85' lang='lat' dir='ltr'><strong>humanas</strong></span> <span class='ocrx_word' id='word_1_89' title='bbox 758 1914 824 1965; x_wconf 91' lang='lat' dir='ltr'><strong>non</strong></span> <span class='ocrx_word' id='word_1_90' title='bbox 843 1912 978 1982; x_wconf 85' lang='lat' dir='ltr'><strong>curent,</strong></span> <span class='ocrx_word' id='word_1_91' title='bbox 997 1897 1093 1971; x_wconf 85' lang='lat' dir='ltr'><strong>nobis</strong></span> 
     </span>
     <span class='ocr_line' id='line_1_14' title="bbox 156 2007 1120 2100; baseline 0.003 -18"><span class='ocrx_word' id='word_1_92' title='bbox 156 2034 223 2087; x_wconf 90' lang='lat' dir='ltr'><strong>non</strong></span> <span class='ocrx_word' id='word_1_93' title='bbox 240 2007 434 2098; x_wconf 65' lang='lat' dir='ltr'><strong>durandum,</strong></span> <span class='ocrx_word' id='word_1_94' title='bbox 461 2029 497 2080; x_wconf 93' lang='lat' dir='ltr'><strong>ut</strong></span> <span class='ocrx_word' id='word_1_95' title='bbox 518 2015 667 2083; x_wconf 84' lang='lat' dir='ltr'><strong>lateamus</strong></span> <span class='ocrx_word' id='word_1_96' title='bbox 688 2014 783 2100; x_wconf 65' lang='lat' dir='ltr'><strong>illosa</strong></span> <span class='ocrx_word' id='word_1_97' title='bbox 803 2016 855 2082; x_wconf 91' lang='lat' dir='ltr'><strong>sin</strong></span> <span class='ocrx_word' id='word_1_98' title='bbox 878 2016 982 2084; x_wconf 83' lang='lat' dir='ltr'><strong>adsint</strong></span> <span class='ocrx_word' id='word_1_99' title='bbox 998 2030 1093 2099; x_wconf 85' lang='lat' dir='ltr'><strong>atque</strong></span> <span class='ocrx_word' id='word_1_100' title='bbox 1116 2076 1120 2088; x_wconf 84' lang='lat'>.</span> 
     </span>
     <span class='ocr_line' id='line_1_15' title="bbox 156 2129 1092 2218; baseline -0.004 -16"><span class='ocrx_word' id='word_1_101' title='bbox 156 2133 300 2203; x_wconf 82' lang='lat' dir='ltr'><strong>homines</strong></span> <span class='ocrx_word' id='word_1_102' title='bbox 317 2144 452 2218; x_wconf 80' lang='lat' dir='ltr'><strong>regant,</strong></span> <span class='ocrx_word' id='word_1_103' title='bbox 477 2131 510 2208; x_wconf 89' lang='lat' dir='ltr'><strong>id</strong></span> <span class='ocrx_word' id='word_1_104' title='bbox 531 2148 598 2197; x_wconf 90' lang='lat' dir='ltr'><strong>non</strong></span> <span class='ocrx_word' id='word_1_105' title='bbox 615 2129 761 2213; x_wconf 88' lang='lat' dir='ltr'><strong>aliunde,</strong></span> <span class='ocrx_word' id='word_1_106' title='bbox 782 2150 875 2215; x_wconf 86' lang='lat' dir='ltr'><strong>quam</strong></span> <span class='ocrx_word' id='word_1_107' title='bbox 894 2151 912 2199; x_wconf 90' lang='lat' dir='ltr'><strong>e</strong></span> <span class='ocrx_word' id='word_1_108' title='bbox 930 2151 1092 2216; x_wconf 87' lang='lat' dir='ltr'><strong>poetarum</strong></span> 
     </span>
     <span class='ocr_line' id='line_1_16' title="bbox 92 2247 1094 2334; baseline -0.001 -15"><span class='ocrx_word' id='word_1_109' title='bbox 92 2257 95 2262; x_wconf 82' lang='lat'>&#39;</span> <span class='ocrx_word' id='word_1_110' title='bbox 156 2247 600 2334; x_wconf 73' lang='lat' dir='ltr'><strong>cuminibuazcoguovimuse</strong></span> <span class='ocrx_word' id='word_1_111' title='bbox 624 2248 734 2316; x_wconf 88' lang='lat' dir='ltr'><strong>dicunt</strong></span> <span class='ocrx_word' id='word_1_112' title='bbox 751 2264 856 2315; x_wconf 78' lang='lat' dir='ltr'><strong>autem</strong></span> <span class='ocrx_word' id='word_1_113' title='bbox 881 2249 997 2333; x_wconf 88' lang='lat' dir='ltr'><strong>iidem,</strong></span> <span class='ocrx_word' id='word_1_114' title='bbox 1018 2267 1094 2334; x_wconf 89' lang='lat' dir='ltr'><strong>pos·</strong></span> 
     </span>
     <span class='ocr_line' id='line_1_17' title="bbox 158 2365 1095 2450; baseline -0.004 -14"><span class='ocrx_word' id='word_1_115' title='bbox 158 2389 199 2436; x_wconf 85' lang='lat' dir='ltr'><strong>se·</strong></span> <span class='ocrx_word' id='word_1_116' title='bbox 210 2371 298 2442; x_wconf 86' lang='lat' dir='ltr'><strong>Deos</strong></span> <span class='ocrx_word' id='word_1_117' title='bbox 314 2365 475 2437; x_wconf 77' lang='lat' dir='ltr'><strong>saonficiis</strong></span> <span class='ocrx_word' id='word_1_118' title='bbox 492 2365 706 2448; x_wconf 84' lang='lat' dir='ltr'><strong>suavibusque</strong></span> <span class='ocrx_word' id='word_1_119' title='bbox 730 2365 878 2450; x_wconf 79' lang='lat' dir='ltr'><strong>precibus</strong></span> <span class='ocrx_word' id='word_1_120' title='bbox 902 2380 934 2434; x_wconf 87' lang='lat' dir='ltr'><strong>et</strong></span> <span class='ocrx_word' id='word_1_121' title='bbox 956 2369 1095 2436; x_wconf 87' lang='lat' dir='ltr'><strong>muneri·</strong></span> 
     </span>
     <span class='ocr_line' id='line_1_18' title="bbox 159 2482 1093 2570; baseline -0.002 -18"><span class='ocrx_word' id='word_1_122' title='bbox 159 2488 221 2555; x_wconf 82' lang='lat' dir='ltr'><strong>bus</strong></span> <span class='ocrx_word' id='word_1_123' title='bbox 246 2486 344 2556; x_wconf 77' lang='lat' dir='ltr'><strong>fleon.</strong></span> <span class='ocrx_word' id='word_1_124' title='bbox 386 2482 515 2570; x_wconf 90' lang='lat' dir='ltr'><strong>Quibus</strong></span> <span class='ocrx_word' id='word_1_125' title='bbox 542 2485 594 2550; x_wconf 81' lang='lat' dir='ltr'><strong>vel</strong></span> <span class='ocrx_word' id='word_1_126' title='bbox 626 2498 796 2566; x_wconf 83' lang='lat' dir='ltr'><strong>utrumque</strong></span> <span class='ocrx_word' id='word_1_127' title='bbox 823 2482 1012 2550; x_wconf 85' lang='lat' dir='ltr'><strong>credendum</strong></span> <span class='ocrx_word' id='word_1_128' title='bbox 1043 2497 1093 2550; x_wconf 88' lang='lat' dir='ltr'><strong>est</strong></span> 
     </span>
     <span class='ocr_line' id='line_1_19' title="bbox 158 2599 1093 2698; baseline -0.005 -26"><span class='ocrx_word' id='word_1_129' title='bbox 158 2608 389 2678; x_wconf 73' lang='lat' dir='ltr'><strong>uoluentium.</strong></span> <span class='ocrx_word' id='word_1_130' title='bbox 444 2600 480 2671; x_wconf 85' lang='lat' dir='ltr'><strong>Si</strong></span> <span class='ocrx_word' id='word_1_131' title='bbox 508 2601 719 2683; x_wconf 80' lang='lat' dir='ltr'><strong>credendum,</strong></span> <span class='ocrx_word' id='word_1_132' title='bbox 746 2601 863 2698; x_wconf 72' lang='lat' dir='ltr'><strong>injuste</strong></span> <span class='ocrx_word' id='word_1_133' title='bbox 885 2617 976 2686; x_wconf 76' lang='lat' dir='ltr'><strong>agere</strong></span> <span class='ocrx_word' id='word_1_134' title='bbox 997 2599 1093 2683; x_wconf 87' lang='lat' dir='ltr'><strong>iicet,</strong></span> 
     </span>
     <span class='ocr_line' id='line_1_20' title="bbox 158 2714 1091 2808; baseline -0.008 -16"><span class='ocrx_word' id='word_1_135' title='bbox 158 2725 188 2792; x_wconf 87' lang='lat' dir='ltr'><strong>si</strong></span> <span class='ocrx_word' id='word_1_136' title='bbox 215 2723 321 2790; x_wconf 89' lang='lat' dir='ltr'><strong>modo.</strong></span> <span class='ocrx_word' id='word_1_137' title='bbox 337 2740 390 2792; x_wconf 82' lang='grc'><strong>111.</strong></span> <span class='ocrx_word' id='word_1_138' title='bbox 404 2722 473 2804; x_wconf 87' lang='lat' dir='ltr'><strong>ipsa</strong></span> <span class='ocrx_word' id='word_1_139' title='bbox 497 2718 605 2804; x_wconf 84' lang='lat' dir='ltr'><strong>rapina</strong></span> <span class='ocrx_word' id='word_1_140' title='bbox 635 2717 706 2785; x_wconf 90' lang='lat' dir='ltr'><strong>Diis</strong></span> <span class='ocrx_word' id='word_1_141' title='bbox 734 2716 884 2808; x_wconf 72' lang='lat' dir='ltr'><strong>sacrificia</strong></span> <span class='ocrx_word' id='word_1_142' title='bbox 911 2714 1091 2789; x_wconf 80' lang='lat' dir='ltr'><strong>offeramus.</strong></span> 
     </span>
     <span class='ocr_line' id='line_1_21' title="bbox 158 2833 1092 2927; baseline -0.009 -16"><span class='ocrx_word' id='word_1_143' title='bbox 158 2834 242 2911; x_wconf 81' lang='lat' dir='ltr'><strong>Nem</strong></span> <span class='ocrx_word' id='word_1_144' title='bbox 262 2841 292 2907; x_wconf 90' lang='lat' dir='ltr'><strong>si</strong></span> <span class='ocrx_word' id='word_1_145' title='bbox 309 2839 388 2927; x_wconf 80' lang='lat' dir='ltr'><strong>justi</strong></span> <span class='ocrx_word' id='word_1_146' title='bbox 406 2855 541 2919; x_wconf 85' lang='lat' dir='ltr'><strong>sumus,</strong></span> <span class='ocrx_word' id='word_1_147' title='bbox 567 2835 666 2906; x_wconf 84' lang='lat' dir='ltr'><strong>illaesi</strong></span> <span class='ocrx_word' id='word_1_148' title='bbox 684 2833 810 2917; x_wconf 88' lang='lat' dir='ltr'><strong>quidem</strong></span> <span class='ocrx_word' id='word_1_149' title='bbox 832 2852 850 2905; x_wconf 84' lang='grc'><strong>1</strong></span> <span class='ocrx_word' id='word_1_150' title='bbox 867 2833 939 2903; x_wconf 87' lang='lat' dir='ltr'><strong>Diis</strong></span> <span class='ocrx_word' id='word_1_151' title='bbox 957 2834 1092 2918; x_wconf 85' lang='lat' dir='ltr'><strong>erimus,</strong></span> 
     </span>
     <span class='ocr_line' id='line_1_22' title="bbox 153 2930 1163 3039; baseline -0.008 -14"><span class='ocrx_word' id='word_1_152' title='bbox 153 2959 343 3039; x_wconf 74' lang='grc'><strong>1111111111,</strong></span> <span class='ocrx_word' id='word_1_153' title='bbox 369 2972 449 3036; x_wconf 85' lang='lat' dir='ltr'><strong>quoe</strong></span> <span class='ocrx_word' id='word_1_154' title='bbox 474 2971 544 3038; x_wconf 89' lang='lat' dir='ltr'><strong>per.</strong></span> <span class='ocrx_word' id='word_1_155' title='bbox 558 2949 740 3037; x_wconf 70' lang='lat' dir='ltr'><strong>injustitiam</strong></span> <span class='ocrx_word' id='word_1_156' title='bbox 774 2966 1015 3035; x_wconf 73' lang='lat' dir='ltr'><strong>comparantur,</strong></span> <span class='ocrx_word' id='word_1_157' title='bbox 1046 2930 1093 3021; x_wconf 80' lang='lat' dir='ltr'><strong>re·</strong></span> <span class='ocrx_word' id='word_1_158' title='bbox 1160 3011 1163 3017; x_wconf 88' lang='lat'>.</span> 
     </span>
     <span class='ocr_line' id='line_1_23' title="bbox 161 3056 1098 3158; baseline -0.003 -16"><span class='ocrx_word' id='word_1_159' title='bbox 161 3056 334 3158; x_wconf 61' lang='lat' dir='ltr'><strong>sputatus}</strong></span> <span class='ocrx_word' id='word_1_160' title='bbox 353 3069 470 3155; x_wconf 78' lang='lat' dir='ltr'><strong>iniusti</strong></span> <span class='ocrx_word' id='word_1_161' title='bbox 490 3086 589 3152; x_wconf 80' lang='lat' dir='ltr'><strong>vero,</strong></span> <span class='ocrx_word' id='word_1_162' title='bbox 610 3066 736 3136; x_wconf 85' lang='lat' dir='ltr'><strong>divitias</strong></span> <span class='ocrx_word' id='word_1_163' title='bbox 753 3068 955 3154; x_wconf 84' lang='lat' dir='ltr'><strong>parabimus3</strong></span> <span class='ocrx_word' id='word_1_164' title='bbox 972 3070 1098 3139; x_wconf 82' lang='lat' dir='ltr'><strong>sceleri·</strong></span> 
     </span>
     <span class='ocr_line' id='line_1_24' title="bbox 152 3184 1095 3279; baseline 0.001 -23"><span class='ocrx_word' id='word_1_165' title='bbox 152 3192 287 3272; x_wconf 83' lang='lat' dir='ltr'><strong>busque</strong></span> <span class='ocrx_word' id='word_1_166' title='bbox 305 3185 602 3273; x_wconf 84' lang='lat' dir='ltr'><strong>perpetratis,i110s</strong></span> <span class='ocrx_word' id='word_1_167' title='bbox 620 3184 766 3279; x_wconf 85' lang='lat' dir='ltr'><strong>precibus</strong></span> <span class='ocrx_word' id='word_1_168' title='bbox 783 3187 967 3271; x_wconf 81' lang='lat' dir='ltr'><strong>flectentes,</strong></span> <span class='ocrx_word' id='word_1_169' title='bbox 988 3208 1007 3256; x_wconf 88' lang='lat' dir='ltr'><strong>a</strong></span> <span class='ocrx_word' id='word_1_170' title='bbox 1016 3208 1095 3273; x_wconf 85' lang='lat' dir='ltr'><strong>poe·</strong></span> 
     </span>
     <span class='ocr_line' id='line_1_25' title="bbox 161 3296 1180 3389; baseline -0.004 -13"><span class='ocrx_word' id='word_1_171' title='bbox 161 3328 201 3376; x_wconf 92' lang='lat' dir='ltr'><strong>na</strong></span> <span class='ocrx_word' id='word_1_172' title='bbox 216 3306 432 3376; x_wconf 84' lang='lat' dir='ltr'><strong>liberabimur.</strong></span> <span class='ocrx_word' id='word_1_173' title='bbox 473 3306 567 3374; x_wconf 85' lang='lat' dir='ltr'><strong>Dicat</strong></span> <span class='ocrx_word' id='word_1_174' title='bbox 583 3305 705 3372; x_wconf 84' lang='lat' dir='ltr'><strong>tandem</strong></span> <span class='ocrx_word' id='word_1_175' title='bbox 721 3303 855 3386; x_wconf 83' lang='lat' dir='ltr'><strong>aliquist</strong></span> <span class='ocrx_word' id='word_1_176' title='bbox 874 3306 958 3389; x_wconf 85' lang='lat' dir='ltr'><strong>apud</strong></span> <span class='ocrx_word' id='word_1_177' title='bbox 975 3305 1095 3373; x_wconf 85' lang='lat' dir='ltr'><strong>inferos</strong></span> <span class='ocrx_word' id='word_1_178' title='bbox 1125 3359 1131 3370; x_wconf 92' lang='lat'><strong>.</strong></span> <span class='ocrx_word' id='word_1_179' title='bbox 1173 3296 1180 3317; x_wconf 85' lang='grc'><em>“</em></span> 
     </span>
     <span class='ocr_line' id='line_1_26' title="bbox 162 3419 1100 3507; baseline -0.002 -16"><span class='ocrx_word' id='word_1_180' title='bbox 162 3440 281 3507; x_wconf 84' lang='lat' dir='ltr'><strong>poenas</strong></span> <span class='ocrx_word' id='word_1_181' title='bbox 299 3421 441 3489; x_wconf 87' lang='lat' dir='ltr'><strong>dabimus</strong></span> <span class='ocrx_word' id='word_1_182' title='bbox 466 3439 598 3502; x_wconf 87' lang='lat' dir='ltr'><strong>eorum,</strong></span> <span class='ocrx_word' id='word_1_183' title='bbox 627 3438 707 3502; x_wconf 86' lang='lat' dir='ltr'><strong>ane</strong></span> <span class='ocrx_word' id='word_1_184' title='bbox 725 3419 779 3489; x_wconf 83' lang='lat' dir='ltr'><strong>htc</strong></span> <span class='ocrx_word' id='word_1_185' title='bbox 796 3420 914 3506; x_wconf 83' lang='lat' dir='ltr'><strong>injuste</strong></span> <span class='ocrx_word' id='word_1_186' title='bbox 933 3423 1100 3490; x_wconf 85' lang='lat' dir='ltr'><strong>commise-</strong></span> 
     </span>
    </p>
   </div>
   <div class='ocr_carea' id='block_1_5' title="bbox 10 3537 1104 4220">
    <p class='ocr_par' dir='ltr' id='par_1_5' title="bbox 10 3537 1100 4091">
     <span class='ocr_line' id='line_1_27' title="bbox 161 3537 1098 3624; baseline 0.002 -20"><span class='ocrx_word' id='word_1_187' title='bbox 161 3539 284 3620; x_wconf 77' lang='lat' dir='ltr'><strong>rimus,</strong></span> <span class='ocrx_word' id='word_1_188' title='bbox 303 3538 355 3604; x_wconf 84' lang='lat' dir='ltr'><strong>vel</strong></span> <span class='ocrx_word' id='word_1_189' title='bbox 380 3555 440 3606; x_wconf 86' lang='lat' dir='ltr'><strong>nos</strong></span> <span class='ocrx_word' id='word_1_190' title='bbox 464 3540 516 3605; x_wconf 86' lang='lat' dir='ltr'><strong>vel</strong></span> <span class='ocrx_word' id='word_1_191' title='bbox 543 3537 609 3605; x_wconf 88' lang='lat' dir='ltr'><strong>nati</strong></span> <span class='ocrx_word' id='word_1_192' title='bbox 637 3553 795 3605; x_wconf 89' lang='lat' dir='ltr'><strong>natorum.</strong></span> <span class='ocrx_word' id='word_1_193' title='bbox 837 3538 910 3620; x_wconf 79' lang='lat' dir='ltr'><strong>At,</strong></span> <span class='ocrx_word' id='word_1_194' title='bbox 942 3555 962 3603; x_wconf 95' lang='lat' dir='ltr'><strong>o</strong></span> <span class='ocrx_word' id='word_1_195' title='bbox 989 3537 1098 3624; x_wconf 91' lang='lat' dir='ltr'><strong>bone,</strong></span> 
     </span>
     <span class='ocr_line' id='line_1_28' title="bbox 161 3629 1097 3738; baseline 0.002 -17"><span class='ocrx_word' id='word_1_196' title='bbox 161 3653 442 3738; x_wconf 79' lang='lat' dir='ltr'><strong>respondebimus,</strong></span> <span class='ocrx_word' id='word_1_197' title='bbox 469 3653 666 3738; x_wconf 86' lang='lat' dir='ltr'><strong>expiationes</strong></span> <span class='ocrx_word' id='word_1_198' title='bbox 685 3669 745 3736; x_wconf 88' lang='lat' dir='ltr'><strong>pro</strong></span> <span class='ocrx_word' id='word_1_199' title='bbox 766 3653 901 3735; x_wconf 71' lang='lat' dir='ltr'><strong>peccans</strong></span> <span class='ocrx_word' id='word_1_200' title='bbox 922 3629 1097 3723; x_wconf 75' lang='lat' dir='ltr'><strong>oomnissis</strong></span> 
     </span>
     <span class='ocr_line' id='line_1_29' title="bbox 10 3766 1098 3860; baseline 0 -23"><span class='ocrx_word' id='word_1_201' title='bbox 10 3819 34 3860; x_wconf 49' lang='lat'><strong>‚.</strong></span> <span class='ocrx_word' id='word_1_202' title='bbox 149 3773 294 3840; x_wconf 87' lang='lat' dir='ltr'><strong>-muituna</strong></span> <span class='ocrx_word' id='word_1_203' title='bbox 323 3773 448 3853; x_wconf 90' lang='lat' dir='ltr'><strong>valent,</strong></span> <span class='ocrx_word' id='word_1_204' title='bbox 481 3768 719 3851; x_wconf 84' lang='lat' dir='ltr'><strong>exorabilesque</strong></span> <span class='ocrx_word' id='word_1_205' title='bbox 738 3766 793 3835; x_wconf 91' lang='lat' dir='ltr'><strong>Dii</strong></span> <span class='ocrx_word' id='word_1_206' title='bbox 819 3783 921 3850; x_wconf 92' lang='lat' dir='ltr'><strong>sunt,</strong></span> <span class='ocrx_word' id='word_1_207' title='bbox 945 3785 980 3836; x_wconf 94' lang='lat' dir='ltr'><strong>ut</strong></span> <span class='ocrx_word' id='word_1_208' title='bbox 1003 3771 1098 3839; x_wconf 81' lang='lat' dir='ltr'><strong>moxi·</strong></span> 
     </span>
     <span class='ocr_line' id='line_1_30' title="bbox 161 3884 1097 3989; baseline 0.001 -34"><span class='ocrx_word' id='word_1_209' title='bbox 161 3906 228 3961; x_wconf 81' lang='lat' dir='ltr'><strong>mae</strong></span> <span class='ocrx_word' id='word_1_210' title='bbox 253 3889 397 3963; x_wconf 83' lang='lat' dir='ltr'><strong>ciuitates</strong></span> <span class='ocrx_word' id='word_1_211' title='bbox 428 3887 578 3965; x_wconf 73' lang='lat' dir='ltr'><strong>affirmant</strong></span> <span class='ocrx_word' id='word_1_212' title='bbox 611 3887 821 3989; x_wconf 58' lang='lat' dir='ltr'><strong>aeneorum</strong></span> <span class='ocrx_word' id='word_1_213' title='bbox 858 3884 938 3970; x_wconf 85' lang='lat' dir='ltr'><strong>filii,</strong></span> <span class='ocrx_word' id='word_1_214' title='bbox 972 3903 1097 3970; x_wconf 84' lang='lat' dir='ltr'><strong>poetae.</strong></span> 
     </span>
     <span class='ocr_line' id='line_1_31' title="bbox 162 3984 1100 4091; baseline -0.002 -15"><span class='ocrx_word' id='word_1_215' title='bbox 162 4005 250 4088; x_wconf 83' lang='lat' dir='ltr'><strong>Ergo</strong></span> <span class='ocrx_word' id='word_1_216' title='bbox 272 4024 353 4089; x_wconf 89' lang='lat' dir='ltr'><strong>quae</strong></span> <span class='ocrx_word' id='word_1_217' title='bbox 369 4003 454 4072; x_wconf 89' lang='lat' dir='ltr'><strong>ratio</strong></span> <span class='ocrx_word' id='word_1_218' title='bbox 470 4023 529 4072; x_wconf 91' lang='lat' dir='ltr'><strong>uos</strong></span> <span class='ocrx_word' id='word_1_219' title='bbox 549 4003 703 4085; x_wconf 84' lang='lat' dir='ltr'><strong>adducat,</strong></span> <span class='ocrx_word' id='word_1_220' title='bbox 721 4017 757 4070; x_wconf 92' lang='lat' dir='ltr'><strong>ut</strong></span> <span class='ocrx_word' id='word_1_221' title='bbox 775 4022 913 4072; x_wconf 83' lang='lat' dir='ltr'><strong>summae</strong></span> <span class='ocrx_word' id='word_1_222' title='bbox 930 3984 1100 4091; x_wconf 79' lang='lat' dir='ltr'><strong>injustitiae</strong></span> 
     </span>
    </p>

    <p class='ocr_par' dir='ltr' id='par_1_6' title="bbox 929 4144 1104 4220">
     <span class='ocr_line' id='line_1_32' title="bbox 929 4144 1104 4220; baseline -0.051 0"><span class='ocrx_word' id='word_1_223' title='bbox 929 4177 933 4183; x_wconf 16' lang='lat' dir='ltr'><strong>a</strong></span> <span class='ocrx_word' id='word_1_224' title='bbox 1027 4144 1104 4220; x_wconf 68' lang='lat' dir='ltr'><strong>us</strong></span> 
     </span>
    </p>
   </div>
   <div class='ocr_carea' id='block_1_6' title="bbox 0 0 1467 5168">
    <p class='ocr_par' dir='ltr' id='par_1_7' title="bbox 0 0 1467 5168">
     <span class='ocr_line' id='line_1_33' title="bbox 0 0 1467 5168; baseline 0 0"><span class='ocrx_word' id='word_1_225' title='bbox 0 0 1467 5168; x_wconf 95' lang='lat' dir='ltr'><strong> </strong></span> 
     </span>
    </p>
   </div>
  </div>
 </body>
</html>
