2896 5168
644 451 836 512 —206—

498 747 552 810 De
588 750 726 811 sancti
756 744 980 832 divinique

385 862 541 942 studio,
575 863 729 927 homini
761 865 920 929 natural
947 869 1089 934 insito.

313 1119 427 1185 Divina
447 1133 515 1196 est,
539 1136 574 1182 ut
593 1120 623 1182 in
638 1117 762 1182 sublimi
783 1117 1002 1200 philosophiae
1020 1121 1200 1204 prooemio,

271 1239 356 1319 quod
377 1235 520 1301 Phaedro
541 1235 742 1313 continetur,
765 1253 825 1301 nos
846 1235 954 1300 docuit
975 1236 1085 1317 Plato,
1106 1237 1202 1304 animi

267 1351 392 1417 humani
420 1352 553 1416 indoles.
597 1352 700 1431 Nam,
722 1368 903 1434 anteaquam
926 1353 987 1417 hoc
1009 1371 1126 1435 corpus
1152 1356 1202 1421 in·

266 1470 396 1549 oneret,
416 1484 560 1533 versatus
595 1467 627 1532 in
657 1469 794 1533 Deorum
825 1470 931 1535 choris
960 1486 1028 1552 est,
1061 1472 1115 1536 ubi
1138 1492 1200 1540 una

266 1606 336 1653 cum
360 1586 421 1651 illis
446 1606 552 1668 puram
581 1585 852 1668 intaminatamque
880 1587 1039 1652 veritatem
1064 1588 1096 1652 in
1116 1589 1201 1655 coeli

170 1731 173 1735 ⁷
265 1704 400 1769 culmine
420 1719 594 1786 spectaret:
621 1701 843 1784 quassatum,
866 1720 922 1784 ut,
945 1708 1094 1773 exclusus
1110 1707 1199 1773 dein·

264 1823 325 1899 de,
360 1839 489 1903 propter
520 1840 619 1885 rerum
650 1821 841 1886 sensibilium
872 1822 1068 1906 appetitum,
1101 1826 1200 1893 sacris

265 1938 352 2003 hisce
371 1938 509 2001 omnium
532 1939 692 2015 nraxituis,
715 1938 944 2003 desideraretea
958 1955 1080 2022 tamen,
1103 1943 1198 2027 quip-

262 2075 303 2136 pe
324 2059 431 2118 natura
454 2054 520 2134 ipse
541 2059 597 2118 stul
621 2056 758 2117 veritatis
779 2074 942 2136 rerumque
963 2074 1137 2123 sanctarum
1160 2079 1199 2127 ae

264 2168 438 2232 divinarum
461 2170 608 2249 cupidus.
624 2168 666 2236 (¹)
731 2171 912 2251 Respondet
938 2174 1101 2255 prooemio
1127 2176 1198 2258 ipsa

261 2287 398 2352 Platonis
423 2286 648 2368 philosophia,
683 2289 728 2353 uti
752 2289 894 2369 exposita
918 2291 957 2355 ab
980 2311 1017 2358 eo
1039 2294 1071 2358 in
1093 2293 1199 2361 Phao-

259 2404 336 2470 donr
355 2417 415 2469 est.
460 2403 562 2481 Nam,
585 2403 679 2469 missa
700 2404 817 2468 ratione
836 2408 980 2489 poetica,
1002 2412 1197 2479 demonstrat

216 2528 221 2539 ⁴
261 2521 324 2586 illic
354 2521 586 2602 philosophus,
618 2521 662 2585 nil
685 2523 768 2585 aliurl
791 2542 860 2588 esse
881 2525 1024 2608 discere,
1053 2527 1116 2591 nisi
1145 2546 1197 2593 re-

208 2648 214 2659 ·
261 2640 404 2719 minisci,
428 2641 513 2720 quod
544 2659 581 2703 ex
609 2641 711 2704 eadem
740 2641 792 2707 illa
819 2643 980 2725 superiore
1006 2642 1099 2709 animi
1124 2645 1195 2714 vita

259 2760 383 2842 repetit.
449 2758 510 2824 ch
532 2772 656 2837 aurem,
679 2758 811 2823 divinam
832 2779 900 2824 esse
919 2760 1010 2825 animi
1032 2760 1192 2845 indolem,

257 2878 393 2941 adhibita
413 2877 479 2959 ejus
499 2894 570 2939 cunr
592 2894 726 2957 corpore
744 2877 996 2958 comparatione,
1019 2879 1090 2946 data
1113 2898 1191 2962 ope-

255 2999 291 3059 ri
319 2994 421 3062 elficit.
481 2993 577 3071 Duo,
601 2997 644 3056 ait
667 2993 812 3059 Socrates
840 2993 926 3074 illic,
949 3014 1050 3061 rerum
1078 3015 1192 3080 genera

254 3112 426 3193 ponamtts',
450 3112 576 3174 alterum
599 3109 794 3190 visibilium,
818 3109 1021 3176 invisibilium
1034 3116 1187 3195 alterum,

255 3245 389 3309 quorum
418 3227 477 3289 hoc
500 3229 606 3291 eodem
631 3246 665 3291 se
686 3246 807 3307 semper
828 3228 924 3293 modo
948 3230 1076 3311 habeat,
1108 3233 1188 3300 illud

254 3363 422 3425 numquam
445 3347 562 3409 eodem.
594 3364 597 3371 ·
631 3343 784 3409 Invisibili
807 3344 927 3409 animus
956 3346 1089 3412 similior
1114 3365 1186 3430 est,

252 3462 370 3528 visibill
393 3456 523 3543 corpus.
567 3462 702 3526 Animus
725 3460 806 3526 enim
831 3460 956 3542 quoties
982 3467 1021 3529 ad
1042 3467 1187 3531 conside·

252 3583 382 3644 rantlunt
412 3579 728 3660 cognoscendumque
755 3579 871 3659 aliquid
906 3600 1021 3664 corpus
1054 3585 1186 3668 ejusque

251 3719 361 3765 sensus
392 3713 549 3778 tamquam
576 3696 682 3759 socios
711 3698 862 3777 assumit,
893 3699 987 3763 toties
1011 3700 1184 3767 trahitura

248 3835 382 3900 corpore
401 3818 438 3880 ad
459 3835 517 3898 ea,
545 3833 623 3896 quae
645 3832 802 3896 nunquam
824 3817 929 3881 eodem
961 3818 1054 3881 modo
1084 3830 1183 3896 sunt,

1126 3949 1182 3996 va·

282 4083 322 4149 (tl
346 4080 380 4134 V.
398 4096 477 4145 supra
498 4077 565 4132 vol.
579 4077 603 4132 1.
621 4096 649 4146 p.
662 4079 705 4149 87.
716 4095 778 4148 sqq.
