2896 5168
537 442 542 456 ,
638 443 809 507 -ao-

254 612 304 674 tio
325 604 484 686 ordeum,
506 605 629 690 effigiem
644 603 775 669 auribus
793 608 974 691 quaerimus
997 611 1041 677 (¹).
1084 611 1121 677 In
1138 612 1188 678 hit

254 725 357 792 autem
382 721 470 788 ideae
499 741 570 788 curn
601 721 702 787 dictae
729 741 747 786 a
777 722 929 800 Platone,
962 738 1030 790 tum
1054 747 1072 792 a
1097 729 1190 796 Cice·

254 860 333 910 tone
356 854 508 920 acceptae·
524 840 563 903 de
591 837 702 905 fonnis
729 854 805 905 sunt
834 837 1007 923 perfectis,
1030 861 1108 924 quas
1128 861 1191 909 nos

256 958 417 1040 appellare
436 955 554 1021 idealia
584 958 736 1023 solemus.

258 1102 262 1108 ·
296 1074 452 1138 Sed'sunt
477 1070 570 1139 nobis
596 1074 657 1140 alia
680 1064 753 1139 it'ern
779 1090 810 1140 et
838 1076 934 1162 louge
952 1077 1043 1143 etiam
1065 1077 1190 1160 gravio·

254 1202 295 1258 tal
316 1191 355 1257 de
382 1191 458 1257 ideis
483 1192 623 1257 Platonis
657 1192 935 1258 animadvertenda.
980 1195 1075 1260 Vtrae
1102 1215 1190 1260 aarum

255 1325 374 1393 spectat
403 1310 576 1393 inprimis
610 1302 687 1373 haee·
718 1307 900 1390 philosophi
929 1310 1083 1377 doctrina.
1144 1311 1192 1377 Ut

255 1428 403 1492 notiones
428 1425 664 1508 expressit-ille
694 1424 752 1489 hac
785 1443 889 1504 voce,
937 1443 1016 1506 quae
1051 1445 1122 1490 curn
1150 1425 1190 1490 ad

255 1542 479 1627 maritandum,
511 1554 577 1606 turn
604 1540 643 1606 ad
676 1545 741 1607 arte
771 1543 848 1623 quid
875 1541 1101 1608 informandum
1126 1560 1191 1608 reca

254 1673 316 1739 te,¹
340 1659 531 1725 necessariae
559 1674 656 1739 sont,
696 1658 738 1723 ita
764 1659 796 1724 in
828 1660 905 1726 ideis
932 1661 1113 1744 praecipuas
1139 1662 1192 1728 ht·

254 1777 345 1857 buit,
376 1777 410 1842 in
431 1777 592 1858 nullisque
617 1795 682 1842 non
710 1777 853 1860 scriptis
869 1777 975 1846 ubivis
1006 1780 1189 1846 memoravit

249 1901 293 1967 al
318 1901 432 1971 καλὸν,
453 1901 488 1965 τὸ
517 1900 655 1975 ἀγαθὸν,
677 1900 712 1965 τὸ
740 1900 872 1975 δίκαιον,
893 1901 929 1966 τὸ
957 1896 1042 1967 ὅσιον.
1084 1897 1189 1981 Quae·

251 2028 321 2080 rore
341 2012 463 2077 solebat
487 2012 656 2091 Socrates,
688 2011 774 2092 quod
795 2011 962 2094 aliquoties
984 2013 1045 2096 jam
1073 2030 1192 2078 memo·
1242 1986 1248 1995 ’

253 2129 413 2208 ravimus,
456 2128 532 2210 quid
563 2130 708 2211 pulcrum
736 2144 820 2195 esset
846 2131 922 2211 quid
949 2145 1061 2213 turpe,
1115 2129 1192 2211 quid

249 2246 375 2344 'honum
407 2246 483 2328 quid
522 2248 661 2327 malurn,
705 2246 782 2328 quid
816 2249 937 2332 justum
975 2249 1053 2330 quid
1091 2245 1192 2332 injus·

157 2350 160 2355 4
217 2391 222 2397 ·
254 2378 323 2433 tum
343 2366 386 2437 ω.
431 2364 517 2432 Haec
545 2366 658 2446 Plato,
682 2365 803 2447 quippe
828 2366 1007 2434 Socraticus
1035 2380 1065 2430 et
1094 2366 1192 2431 instar

231 2484 394 2567 ,magistri
420 2483 459 2545 de
488 2481 583 2544 rebus
610 2469 767 2541 advitam
798 2493 881 2541 recte
911 2480 1057 2561 agendam
1084 2497 1192 2544 neces·

255 2597 345 2661 soriis
381 2592 563 2670 sollicitus,
607 2591 819 2672 quaeritabat3
865 2595 921 2658 sed
954 2594 1054 2671 idem,
1096 2595 1191 2672 altius

256 2731 351 2792 quum
382 2709 528 2793 magister
552 2708 744 2789 escendens‚
786 2726 851 2773 non
882 2711 921 2775 de
953 2709 1044 2775 rebus
1074 2714 1191 2793 pulcris

252 2826 433 2903 ethonis,
457 2824 511 2889 sod
535 2823 574 2890 de
601 2826 665 2911 ipso
690 2839 722 2889 et
754 2827 890 2907 pulcro,
913 2806 1054 2893 robono
1076 2844 1107 2893 et
1122 2831 1191 2913 jus·

259 2961 294 3012 to
323 2960 354 3012 et
384 2959 492 3010 sancto
518 2941 670 3026 agendum
700 2942 760 3007 sibi
782 2957 866 3009 ratus
894 2959 955 3010 est.
997 2945 1132 3028 Itaque,
1155 2959 1191 3010 ut

256 3082 307 3133 res
335 3060 472 3128 civitatis
499 3057 785 3128 administrarentur
811 3077 913 3144 recte,
939 3066 1023 3148 leges
1049 3064 1194 3146 censuit,

254 3196 297 3249 ut
329 3180 495 3258 Socrates,
518 3180 653 3261 optimas
674 3168 851 3245 condendus
875 3198 966 3261 esse,
989 3183 1044 3246 sed
1070 3182 1191 3265 legisla-

254 3312 345 3362 tores
370 3295 572 3377 itemipsan‘r
596 3296 709 3362 intueri
734 3295 811 3381 justi
839 3295 935 3361 ideam
954 3297 1074 3381 jussit,
1099 3314 1133 3364 ut
1151 3299 1189 3365 ab

256 3417 327 3499 ejus
355 3396 560 3478 similitudine
585 3413 670 3498 leges
698 3412 859 3480 ducerent.
900 3413 937 3477 Id
956 3410 1190 3497 nisilacereut',
1249 3437 1252 3444 ·

255 3549 355 3596 amcos
375 3529 447 3596 illos
475 3529 664 3611 appellabat.
717 3529 763 3599 Ἦ
791 3529 839 3601 οὖν
865 3536 980 3603 δοκοῦσί
1004 3560 1048 3602 ror
1067 3544 1191 3620 τυφλῶν

257 3649 408 3731 διαφέρειν
433 3649 460 3714 ol
489 3652 530 3732 τῷ
553 3649 613 3717 iou-r
634 3655 687 3717 rui
711 3650 790 3725 lurae
813 3653 922 3723 ludsoa
953 3655 1116 3736 ἒςερημένοι
1136 3660 1191 3727 τῆς

256 3770 418 3846 γνώσεως,
438 3766 488 3842 καὶ
513 3770 607 3848 ’μηδὲν
628 3748 755 3849 lvapyle'
767 3770 861 3851 lvxi.
877 3777 967 3850 ψυχῇ
987 3769 1108 3850 ἔχοντες
1129 3792 1191 3833 arx-

296 3925 300 3932 .
1141 3906 1193 3963 la·

296 4015 336 4088 (ι)
356 4017 397 4071 ra.
409 4016 505 4071 uae.
521 4017 548 4071 u
583 4016 625 4087 (a)
646 4013 776 4084 nupt.
793 4011 876 4112 uas.
894 4014 919 4064 a
936 4030 962 4066 ι.
1027 4041 1031 4050 a
