2896 5168
515 1278 572 1338 uu
608 1274 937 1352 alterutrata,

345 1461 508 1528 oureus
539 1461 642 1515 ,vrrs
674 1459 911 1513 cousrars
943 1462 1083 1516 atara

600 1578 834 1630 'vroarum

180 1943 184 1952 '
292 1908 433 2029 peregit
456 1944 499 2010 ita
527 1924 637 2024 Plato,
670 1944 756 2026 quod
781 1918 884 2011 animo
907 1955 1112 2028 susceperat,
1144 1957 1183 2015 ut

252 2058 419 2146 perfectam
449 2059 577 2144 fingeret
598 2058 777 2140 civitatem,
800 2078 864 2140 quo
885 2058 1008 2128 facilius
1027 2059 1203 2144 explicata.

253 2175 464 2257 quaestionem
487 2175 697 2258 gravissimam
720 2165 758 2240 d'e
776 2176 897 2260 justitia
918 2192 949 2242 et
975 2176 1123 2246 felicitate
1145 2179 1184 2246 li·
1244 2220 1249 2228 -

252 2307 349 2358 cerer.
392 2291 489 2378 Quod
507 2310 578 2356 cum
595 2307 720 2374 ageret,
744 2291 940 2374 praevidebat
954 2292 1064 2376 facile,
1094 2292 1183 2361 futu·

251 2427 306 2474 ros
327 2427 417 2486 csse,
439 2407 493 2488 qui
514 2407 634 2473 inanem
653 2425 722 2471 esse
741 2408 877 2473 dicerent
897 2384 1053 2475 fictionem
1075 2409 1179 2479 illam:

252 2544 322 2592 uam
356 2524 423 2590 fieri
459 2542 525 2590 noo
566 2529 682 2607 posse,
727 2540 761 2589 ut
792 2525 862 2590 talis
894 2526 1040 2592 existeret
1071 2527 1102 2593 in
1132 2527 1182 2594 his

252 2643 342 2709 terris
363 2643 550 2738 respublica.
605 2642 713 2724 Itaque
738 2642 936 2708 Adimantum
967 2641 1087 2707 inillis
1116 2661 1184 2708 ser·

198 2818 202 2823 .
252 2760 400 2827 monibus
422 2760 483 2824 hoc
512 2734 615 2844 ipsum
638 2760 758 2852 Socrati
779 2759 978 2842 objicientem
1001 2758 1088 2825 fecit.
1133 2761 1183 2827 De

130 2913 136 2927 ·
214 2875 218 2888 '
251 2877 400 2958 caeteris,
420 2876 545 2958 inquit,
565 2875 659 2940 nobis
687 2876 776 2943 facile
798 2875 1009 2958 persuaseris,
1031 2876 1181 2958 optimam

250 2995 331 3061 hanc
359 3012 428 3059 esse
457 2993 667 3075 omnibusque
696 2994 832 3059 numeris
866 2994 1039 3060 absolutam
1074 2991 1184 3061 civiti·

252 3125 340 3192 teut3
371 3110 426 3174 sed
450 3107 528 3174 iliud
560 3108 618 3174 tibi
643 3110 915 3175 demonstrandum
945 3123 1063 3188 restat,
1086 3128 1183 3193 posse

255 3248 320 3294 eam
345 3245 452 3310 reapse
480 3243 561 3291 esse.
628 3225 690 3290 Hic
719 3225 882 3306 Socrates,
911 3240 991 3290 tune.
1006 3245 1102 3306 vero,
1135 3245 1183 3292 re·
1289 3299 1296 3311 ‚

182 3323 190 3339 ’
256 3347 369 3431 ponit,
394 3343 574 3424 existimaS,
616 3342 702 3422 ἧττόν
722 3370 752 3412 ‘tt
773 3346 888 3424 cipitia
909 3346 1067 3430 ζωγράφον
1087 3342 1181 3426 εἶναι,

255 3463 288 3543 ὃς
317 3466 357 3535 ἃν
386 3463 511 3546 γράψας
543 3460 741 3542 παράδειγμα
768 3455 823 3534 rior
853 3460 892 3528 it
922 3459 965 3536 ain
996 3462 1010 3527 i
1041 3461 1185 3537 adimere

255 3580 426 3666 deiparae,
449 3579 499 3646 aui
521 3576 624 3645 πάντα
644 3578 687 3650 sie
706 3577 741 3643 rb
762 3576 895 3658 arripuit
915 3578 1020 3651 ἱκανῶς
1040 3579 1185 3653 ἀποδοὺς,

258 3703 302 3784 pir
330 3699 395 3782 ἔχοι
423 3695 567 3774 ἐπιδεῖξαι
599 3696 636 3768 ὡς
667 3692 717 3760 καὶ
748 3694 869 3760 durarit
896 3693 1032 3772 protrito
1059 3697 1188 3789 τοιοῦτο)
1223 3712 1226 3723 ·

259 3818 371 3901 ἄνδρας
415 3821 516 3875 minut
543 3808 652 3873 bonam
682 3811 828 3892 pictorem
847 3804 945 3889 sort,
976 3803 1077 3890 quod,
1107 3820 1193 3893 post·

260 3951 355 4018 quam
387 3926 546 4015 exemplar
580 3926 710 4010 pinxit,
749 3921 851 4007 qualis
878 3921 1087 4005 pulcerrimur
1117 3935 1193 3988 ctrtt
1252 3942 1255 3947 ¹

261 4053 369 4129 domo,
396 4044 534 4133 nihilque
553 4041 591 4108 dt
611 4042 706 4127 specie
725 4039 963 4126 praetermisit,
991 4043 1123 4122 nequam
1142 4035 1197 4103 de·

1109 4174 1196 4220 mon·
