2896 5168
630 487 800 549 ..„-

250 650 332 738 quod
354 653 514 730 convenit,
554 651 603 712 vel
624 647 707 733 quod
724 649 848 712 lateram
875 646 991 731 affert,
1034 651 1081 715 vel
1103 650 1186 734 quod

245 767 391 857 produn
412 766 467 832 sed
490 766 581 848 piane
598 765 673 828 mihi
690 780 895 846 accurateque
925 765 996 846 dic,
1018 765 1186 845 quidesse

249 887 327 951 illud
346 898 459 968 putes:
483 900 551 948 nam
573 881 655 946 haud
670 880 828 947 admittam
851 880 1018 962 equidem,
1041 881 1094 946 ubi
1115 882 1186 950 talia

253 1001 347 1068 uobis
375 1012 554 1083 argumenta
575 998 728 1063 attuleris.
742 997 785 1068 (Ι)
849 997 977 1083 Quibus
1007 998 1098 1064 dictis
1118 1017 1188 1081 pet·

252 1121 360 1186 vulsus
383 1119 525 1184 Socrates
558 1117 645 1199 (nant
681 1113 763 1179 ferae
801 1115 860 1180 iste
887 1115 984 1180 instat
1015 1115 1048 1181 in
1082 1115 1187 1198 ipsum

252 1250 454 1316 caeterosque
492 1233 580 1314 quasi
612 1232 811 1314 disceptums
844 1247 1027 1313 proruerat,
1062 1248 1097 1298 ut
1118 1251 1188 1317 per·

252 1351 352 1418 territi
381 1330 582 1436 pavescerem
605 1370 665 1416 -ε
708 1349 747 1414 ad
777 1350 852 1415 haec
880 1350 976 1433 igitur
1008 1350 1187 1417 tremiscens

251 1469 416 1550 Socrates,
451 1466 753 1550 oThrasymache,
787 1466 909 1547 inquit,
941 1486 981 1533 ne
1013 1482 1049 1532 tu
1082 1469 1127 1533 ita
1155 1469 1188 1535 in

252 1602 312 1652 nos
333 1587 470 1652 saevias:
499 1603 568 1649 nam
592 1584 618 1649 si
638 1583 670 1648 in
690 1584 898 1664 disquirendis
919 1584 1092 1649 rationibus
1109 1585 1189 1667 lapsi

253 1721 384 1783 sumus,
408 1687 532 1783 egoc'lue
557 1714 589 1765 et
613 1700 689 1778 ltic,
711 1717 770 1781 pro
803 1714 888 1762 certo
917 1699 1050 1781 habete,
1071 1701 1189 1765 invitos

253 1835 373 1884 errasse
398 1833 472 1882 nos.
515 1815 568 1879 Ne
600 1814 680 1878 enim
712 1813 875 1895 existima,
898 1815 924 1879 si
954 1834 1062 1879 autum
1097 1835 1190 1897 quae·

253 1953 415 2016 retemus,
437 1952 497 1999 nos
522 1951 588 1998 non
619 1946 735 2014 sponte
761 1932 917 1998 nobismet
949 1933 1036 2016 ipsos
1067 1931 1099 1998 in
1128 1933 1191 1999 dis·

253 2051 422 2135 quisitinne
453 2068 599 2117 cessuros
627 2067 700 2115 esse
727 2064 757 2114 et
788 2049 998 2115 inventionem
1025 2048 1194 2133 impeditu-

252 2187 323 2235 ros:
368 2186 452 2235 nune
477 2183 603 2249 autem,
626 2185 698 2231 cum
723 2167 873 2250 justitiam
897 2185 1104 2249 quaeramus,
1125 2185 1191 2235 rem
1231 2157 1234 2165 ’

253 2288 354 2352 multo
386 2304 464 2351 auro
504 2286 598 2369 longe
627 2285 863 2367 pretiosiorem,
895 2284 994 2367 inepti
1014 2286 1090 2351 adeo
1111 2284 1192 2351 inter

251 2420 312 2468 nos
331 2403 460 2484 cedere,
481 2419 538 2467 nec
561 2402 646 2467 omni
668 2403 774 2468 studio
796 2401 915 2483 anniti,
937 2418 973 2468 ut
993 2405 1083 2484 quale
1103 2403 1190 2469 istud

253 2519 296 2586 sit
316 2534 473 2604 appareat.
544 2520 662 2585 Verum
686 2519 842 2585 arbitror.
865 2538 885 2584 o
906 2519 1026 2600 amice,
1051 2521 1190 2586 invenire

252 2634 329 2703 iilud
358 2655 422 2702 non
452 2655 637 2719 possumus.
694 2622 905 2722 Quamobrem
927 2639 1029 2704 nostri
1049 2639 1189 2703 misereri

253 2773 335 2837 voa,
359 2755 477 2838 quippe
505 2753 684 2838 sapientes,
717 2756 818 2819 multo
840 2755 936 2838 magis
958 2754 1067 2831 decet,
1096 2775 1187 2836 quarn

254 2871 357 2937 irasci.
401 2873 457 2938 llic
478 2890 576 2950 veto,
598 2871 711 2938 auditis
730 2870 840 2948 hisce,
863 2871 896 2933 in
922 2871 1092 2936 cachinnos
1112 2869 1192 2938 effu·

255 3007 310 3053 sus
342 3002 373 3053 et
401 2991 494 3071 piane
520 2986 705 3053 Sardonium
732 2986 860 3065 ridens,
883 3003 903 3049 ο
925 2987 1100 3068 Hercules,
1123 2986 1190 3067 ait,

252 3104 328 3169 haec
357 3104 478 3170 scilicet
507 3105 603 3168 solita
626 3117 674 3169 est
696 3105 749 3169 ilia
780 3103 918 3168 Socratis
947 3102 1067 3170 ironia!
1118 3104 1190 3170 No·

250 3237 354 3286 veram
379 3219 413 3284 id
438 3196 580 3300 equidem
611 3236 642 3286 et
670 3220 757 3286 hisce
787 3221 1020 3304 praedixeram,
1056 3239 1089 3289 te
1117 3223 1187 3305 qui·

252 3341 320 3404 dem
358 3355 422 3403 non
444 3356 699 3421 responsurum,
741 3339 796 3404 sed
833 3357 961 3405 usurum
992 3339 1093 3406 ironid
1121 3358 1190 3407 esse

249 3471 345 3539 atque
377 3457 481 3521 omnia
510 3455 666 3524 facturum
694 3457 824 3539 potius,
865 3476 956 3537 quam
988 3456 1191 3540 interroganti

250 3593 488 3657 responsurum.
554 3574 617 3640 Hic
647 3577 813 3653 Socrates,
837 3593 902 3655 quo
925 3575 1048 3640 tandem
1073 3575 1188 3656 modo,

252 3691 377 3773 iuquit,
408 3693 457 3758 vir
485 3692 626 3774 optime,
659 3693 852 3775 respondere
872 3691 944 3773 quis
966 3692 1095 3775 possit,
1125 3691 1192 3774 pri·

251 3829 360 3890 mum,
388 3812 444 3890 qui
475 3829 576 3891 neque
610 3808 689 3875 sciat
728 3828 831 3889 neque
860 3808 939 3872 scire
966 3826 1001 3872 se
1032 3806 1189 3884 fateatur,

1105 3924 1190 3989 dein·

287 4054 326 4121 (t)
349 4056 389 4103 na
406 4059 475 4124 nep.
497 4056 518 4108 1.
531 4055 590 4107 356.
603 4053 634 4109 e.
648 4054 683 4106 u.
