2896 5168
620 491 812 554 ημ-

248 658 458 736 moderatore,
490 655 680 731 doctrinam,
724 654 797 717 haec
829 651 1011 734 philosophi
1040 654 1107 719 loca
1138 672 1177 720 ex

250 778 316 860 ejus
337 775 471 858 Legibus
493 774 619 839 adduxi·
661 773 742 840 Nam
768 770 860 834 habet
886 771 947 834 hoc
972 789 1053 852 opus
1074 771 1181 836 Plato·

251 896 300 959 nis
330 894 427 957 senile
453 910 544 971 quam
576 890 767 973 plurimum,
803 906 866 977 quo
896 888 1090 952 vehementer
1118 904 1181 951 nos

252 1011 353 1091 capiat
372 1029 406 1074 ac
428 1021 540 1072 teneat.
584 1007 620 1070 ln
646 1006 771 1069 caeteris
799 1005 867 1087 cjus
891 1004 1023 1084 dialogis
1052 1005 1101 1068 vel
1122 1006 1185 1068 So·

253 1141 370 1204 etates,
392 1128 440 1188 vel
463 1127 580 1205 hospes
606 1123 721 1202 aliquis
747 1123 892 1198 Eleates,
917 1122 965 1184 vel
984 1138 1065 1184 unns
1086 1139 1104 1185 e
1124 1121 1185 1204 Py·

255 1245 473 1325 thagoteotum
502 1238 696 1322 principibus
723 1256 859 1303 summas
881 1237 975 1302 habet
996 1252 1124 1319 partes,
1148 1252 1185 1302 ut

256 1360 346 1423 lateat
373 1373 433 1423 uos
457 1372 577 1421 auctor.
623 1357 684 1421 lile
712 1374 787 1419 veto
819 1373 883 1419 non
910 1355 1044 1420 obscure
1074 1374 1108 1419 se
1136 1354 1188 1437 ip·

256 1494 325 1539 sum
351 1472 537 1555 significavit
559 1475 671 1547 Plato,
692 1489 788 1553 quum
811 1470 1035 1536 Atheniensem
1061 1471 1193 1536 induce·

258 1605 304 1653 tet
325 1589 480 1672 hospitem
501 1608 571 1654 cum
591 1589 686 1655 Crete
702 1587 756 1652 illo
777 1602 809 1652 et
828 1587 1074 1653 Lacedaemonio
1094 1606 1188 1670 agen·

260 1724 340 1787 tem,
363 1707 548 1787 Atticaeqtte
570 1709 671 1787 gentis
690 1724 725 1771 ac
742 1705 875 1770 civitatis
893 1724 965 1787 ptae
981 1707 1191 1774 Cretensibus

260 1844 294 1889 ac
313 1824 566 1890 Lacedaemoniis
585 1823 801 1906 praestantiam
822 1823 1041 1890 celebrantem.
1106 1823 1193 1889 Atti·

261 1961 315 2007 cae
342 1923 471 2007 rationis
502 1940 703 2022 elegantiam,
737 1940 977 2020 humanitatem,
1021 1954 1087 2004 tum
1115 1960 1194 2006 vero

263 2060 354 2124 etiam
382 2057 538 2123 solertiam
565 2057 822 2138 prudentiamque
839 2058 871 2121 in
889 2057 1021 2138 singuiis
1042 2057 1107 2121 fere
1128 2058 1196 2123 dic·

265 2175 306 2240 tis
335 2175 560 2255 sententiisque
585 2175 797 2255 agnoscimus.
861 2172 946 2259 Quid
973 2190 1073 2239 autent
1100 2176 1195 2248 nobis

265 2293 393 2357 suavius
424 2306 529 2374 potest
559 2292 718 2368 accidere,
751 2309 842 2369 quam
875 2291 977 2372 ipsum
1010 2293 1197 2372 Platonem,

268 2410 360 2475 sicuti
387 2409 437 2474 hle
466 2427 499 2472 se
530 2409 650 2471 tandem
684 2408 776 2470 uobis
806 2408 966 2489 prodidit,
999 2411 1091 2493 paulo
1116 2413 1199 2474 into-

268 2526 334 2591 ritts
355 2522 570 2608 cognoscere?
625 2524 886 2605 Philosophorum
909 2525 989 2589 eninr
1018 2526 1196 2608 principum

269 2658 305 2708 ut
344 2643 512 2708 doctrinam
539 2640 708 2723 accipimus
739 2642 898 2723 lubenter,
932 2642 974 2707 ita
1002 2643 1137 2709 indolem
1164 2648 1198 2711 in

270 2760 400 2844 pritnis,
432 2762 538 2840 quales
569 2759 693 2841 ingenio
723 2758 929 2841 moribusque
956 2759 1091 2841 fuerint,
1129 2783 1201 2843 pet·

270 2877 390 2957 spicere
409 2894 549 2941 avernus
613 2876 753 2957 Apparet
777 2890 878 2939 autem
905 2877 955 2943 hle
986 2877 1081 2942 nobis
1109 2880 1200 2945 Plato

233 3000 237 3007 '
273 3011 336 3056 uon
363 2994 464 3056 solum
504 2990 619 3069 ingenii
648 2993 699 3056 illal
727 2993 891 3072 sagacitate
923 2994 1123 3076 libertateque
1152 2997 1201 3063 in·

273 3106 393 3186 signis,
416 3125 505 3186 quarn
527 3103 663 3169 referunt
684 3105 880 3187 probantque
897 3125 1013 3173 caetera
1035 3111 1107 3176 itetn
1129 3114 1199 3196 ejus

274 3224 410 3304 scripta,
433 3224 487 3286 sed
514 3223 566 3287 itta
593 3224 739 3287 scotiam
767 3226 986 3290 commendans
1013 3225 1205 3294 humanitate

276 3356 370 3421 atquc
395 3339 427 3403 in
453 3358 550 3421 gentas
582 3344 747 3406 lrutttanunt
777 3340 1008 3425 benivolentia,
1029 3359 1084 3425 ut,
1109 3364 1202 3427 quent

278 3472 515 3537 srtspexctantus
541 3453 724 3536 fatearque
753 3456 890 3521 admirati
920 3457 1098 3540 fueramuS,
1124 3482 1203 3528 eun·

278 3552 345 3634 dein
371 3589 454 3635 ttune
478 3589 613 3634 amemus
635 3586 729 3652 atque
752 3574 904 3639 colamus.
969 3577 1204 3663 Qtrautobtem,

281 3708 345 3769 quo
371 3690 464 3769 magis
484 3688 550 3770 ipse
568 3702 666 3752 aetate
683 3692 860 3769 provehor,
882 3711 919 3755 eo
941 3694 1099 3760 lubentius
1116 3697 1208 3778 equi·

281 3808 348 3868 detu
375 3821 403 3867 et
427 3807 495 3886 lego
524 3805 584 3867 hoc
616 3823 699 3884 opus
729 3819 759 3868 ct
790 3806 822 3873 in
851 3807 981 3872 aliorum
1015 3830 1104 3875 usum
1137 3813 1208 3880 loca

282 3941 318 3984 es
337 3942 374 3982 eo
397 3937 635 3983 commemorate
656 3922 756 3985 soleo.
822 3924 910 4007 Quae
937 3940 1037 3991 autetn
1064 3947 1146 3993 nunc
1170 3950 1210 3998 eat

283 4056 319 4099 co
351 4035 488 4116 protuli,
522 4034 620 4099 valere
648 4057 739 4117 quant
767 4040 932 4120 plurimum
961 4043 1000 4107 ad
1025 4044 1126 4127 ipsius
1152 4048 1208 4114 Ti·
1297 4116 1300 4121 ,

1088 4182 1210 4233 matum
