2896 5168
738 477 935 537 -2184

372 665 431 713 asse
459 668 555 733 nequ
573 652 670 715 aliter
689 653 762 717 haec
781 653 907 719 illorum
929 656 1102 742 participia
1121 674 1202 734 csso,
1233 656 1297 720 arisi

364 762 455 848 ‚quod
471 767 588 831 similia
608 768 671 832 illis
693 770 831 842 sunto),
882 770 992 852 Itaque
1008 788 1102 851 opera
1119 769 1216 837 danda
1234 770 1296 834 ho·

371 880 466 961 mini,
488 885 527 953 de
549 882 685 949 Platonis
706 886 882 963 sententis,
905 900 970 966 est,
993 900 1029 950 ut
1054 890 1291 978 παραδείγματι

370 995 443 1079 illa,
465 1015 501 1063 ut
524 998 634 1091 ideas,
651 1001 717 1082 ipsa
737 1007 779 1073 rol
794 989 870 1073 ¹dara
889 1021 970 1072 cunr,
982 1001 1044 1068 alia
1064 1000 1197 1083 quavis,
1224 1014 1305 1064 tum-

335 1130 339 1137 ·
368 1113 527 1180 dialectica
551 1116 718 1199 praecipue
743 1119 862 1184 ratione
889 1132 1093 1200 assequatura
1137 1133 1293 1197 namquo

369 1247 405 1294 ea
435 1230 550 1296 rectius
577 1234 767 1316 pleniusque
791 1234 989 1318 perceperit,
1018 1253 1057 1298 eo
1078 1225 1196 1304 rectius
1222 1251 1306 1315 per·v

368 1345 489 1429 spicere
516 1367 552 1413 ac
585 1351 750 1433 dijudicare
784 1350 925 1430 ipsorum
955 1352 1129 1430 isuardum
1149 1350 1289 1430 poterit;

367 1475 443 1527 sunt
471 1476 573 1528 autem
635 1481 669 1527 ec
697 1481 745 1527 res
770 1463 916 1546 pulcrae,
950 1463 1073 1540 bonae,
1092 1463 1215 1546 justae,
1246 1466 1290 1531 si-

366 1578 454 1643 miles
485 1597 558 1643 omn
605 1579 679 1658 ,de
699 1579 838 1662 quibus,
862 1580 979 1660 quippe
1010 1597 1075 1643 non
1104 1579 1206 1645 cuivis
1236 1599 1290 1661 pa·

363 1693 503 1764 tentibus
540 1694 682 1779 homini,
724 1695 844 1761 diversa
872 1694 959 1760 omui
996 1709 1095 1761 aetate
1128 1696 1290 1775 hominum

359 1809 476 1894 judicia
496 1808 638 1876 fuerunt.
702 1809 739 1876 ld
764 1828 838 1877 vcro
869 1809 972 1892 ipsum
1002 1810 1079 1890 quid
1107 1809 1192 1874 aliud
1218 1824 1289 1892 est,

365 1944 464 2007 quam>
480 1928 567 2008 quod
588 1927 619 1991 in
640 1927 793 2008 Cratylo,
815 1925 844 1989 si
861 1925 1033 2008 linguarum
1056 1924 1290 2010 philosophiam

363 2055 493 2108 tractare
516 2057 601 2109 recte
620 2043 775 2120 velimus,
809 2042 967 2125 praecepit
993 2041 1087 2108 nobis
1112 2042 1221 2124 Plato,
1254 2056 1290 2107 ut

363 2176 429 2224 non
458 2177 496 2224 ex
520 2159 703 2243 imaginibus
729 2160 813 2242 ipsas
837 2176 869 2224 et
891 2158 1076 2237 veritatem,
1098 2159 1153 2223 sed
1173 2177 1212 2225 ex
1235 2177 1300 2231 te·-

364 2274 455 2341 ritate
482 2292 514 2342 et
546 2278 642 2359 ipsam
673 2287 705 2342 et
739 2279 808 2360 ejus
835 2277 981 2359 imagines
1009 2275 1129 2340 discere
1161 2287 1290 2364 conare·

263 2412 265 2417 ’
364 2393 464 2462 mur?

378 2557 382 2562 ι
405 2507 493 2592 Ergo
519 2527 585 2574 non
612 2510 796 2603 descendere
826 2509 864 2574 ab
892 2512 1064 2588 ὑποθέσεσι,
1098 2525 1178 2589 quae
1196 2523 1291 2605 meta·

362 2624 568 2708 physicorum
598 2625 795 2690 consuetudo
819 2638 892 2703 est,
914 2625 975 2690 sed·
996 2625 1035 2690 ad
1061 2629 1103 2695 τὸ
1123 2629 1291 2696 murdim

361 2742 546 2821 escendere,
569 2756 623 2822 ut,
645 2743 696 2806 illa
722 2743 877 2806 intuentes
902 2759 1129 2833 cognoscamus
1151 2754 1234 2805 recte
1252 2758 1286 2804 ac

360 2855 534 2942 judicemus
559 2855 682 2935 omnia,
715 2855 788 2922 haec
819 2858 942 2923 demum
970 2857 1054 2940 apud
1084 2859 1241 2924 Platonem
1268 2875 1295 2924 a

356 2974 463 3062 priori
493 2972 737 3055 philosophandi
766 2972 845 3038 ratio
865 2989 937 3054 est,
957 2975 1048 3057 cujus
1077 2975 1287 3058 adjumentum

362 3107 435 3171 esse
463 3088 706 3158 efficacissimum
744 3091 951 3171 dialecticam,
993 3111 1084 3173 quam
1121 3091 1287 3173 prodidit,

361 3209 535 3279 contendit.
589 3209 634 3275 Et
663 3208 709 3275 sic
739 3209 864 3291 quidem
895 3208 1017 3274 tandem
1044 3226 1081 3270 eo
1106 3207 1291 3289 pervenisse

361 3324 599 3406 uidemur,ut,
618 3324 694 3410 quid
712 3325 751 3391 de
765 3332 854 3405 ueri,
877 3325 1106 3402 decedimus,
1124 3329 1218 3394 αὐτοῦ
1233 3332 1289 3395 τοῦ

347 3424 437 3520 'neu
464 3440 596 3512 scamna
617 3440 854 3515 uaeramus
885 3439 952 3520 aa,
967 3437 1104 3522 juucue
1132 3436 1227 3503 noun
1249 3435 1289 3502 rt-

360 3573 439 3625 oeat.
489 3557 722 3641 Quamobrem,
753 3575 832 3642 age,
863 3574 902 3624 ex
929 3556 993 3621 hoc
1018 3553 1193 3635 Platonicae
1211 3566 1290 3636 *tam
1318 3617 1324 3625 .

359 3674 599 3761 plrilosopltiae,
617 3694 723 3758 ¹quam
748 3673 921 3742 dialecticae
939 3671 1067 3756 marmio
1086 3669 1295 3762 dispiciamus

359 3790 397 3861 in·
413 3805 516 3876 partes
537 3808 668 3872 omnes,
697 3791 727 3854 si
744 3788 850 3870 forte,
882 3789 960 3872 quid
978 3789 1054 3869 laaec
1071 3786 1203 3856 scicntia.
1221 3786 1263 3857 sit
1274 3832 1295 3868 ,Α

981 4032 983 4036 .
1204 3965 1297 4073 ‘Quid'

377 4070 441 4148 ὋῙ
456 4074 589 4129 eanum
604 4074 662 4126 usn·
677 4070 715 4125 D.
755 4092 758 4096 ⁷
811 4088 816 4095 ·

362 4166 391 4207 ⁹¹.
400 4180 409 4208 J
