2896 5168
639 436 830 501 ..224-

273 609 371 688 ιιριτὴι
403 605 467 684 rrepi
499 610 555 669 τῶν
585 605 719 682 parisus
750 603 920 681 γίγνεσθαι·
968 578 1088 682 myssa
1107 605 1206 687 3ὴὸ

271 730 319 788 νῦν
341 724 419 789 οὐδὲν
441 724 500 802 iri
522 723 582 794 σὺ,
616 724 675 797 τὸ,
709 720 776 799 περὶ
797 721 863 790 τοὺς
886 721 965 794 θεοὺς
986 723 1064 803 ὀρθῶς
1084 724 1202 803 διανοη-

267 843 374 915 θέντι,
396 840 447 921 ζῇν
469 845 567 910 καλῶς
595 837 611 913 ἢ
633 838 686 916 μή.
729 832 865 915 Jurcur's
876 838 1055 899 etiamnunc
1064 856 1111 918 er,
1124 837 1179 920 fili
1186 861 1202 907 .·

267 976 321 1017 nec
339 952 465 1030 dubim,
488 955 564 1035 quin
583 955 756 1036 progressio
780 955 927 1036 temporis
948 952 1082 1036 efficiar,
1111 970 1142 1019 ut
1160 944 1200 1021 de

268 1073 374 1135 maritis
395 1072 514 1147 aliter,
536 1091 630 1154 quam
661 1090 765 1148 arunc,
789 1075 930 1133 scurias:
972 1084 1117 1157 exspecta
1144 1074 1198 1157 igi·

267 1204 345 1264 tur,
370 1209 506 1271 ¹quarem,
541 1202 575 1250 ut
602 1201 677 1249 tuuc
707 1183 744 1247 tle
772 1185 862 1249 rebus
890 1188 1039 1252 nraxtmrs
1058 1186 1202 1272 judicus

266 1309 438 1368 maximum
467 1320 570 1366 aurem
600 1317 665 1380 est,
688 1300 772 1385 qraorl
787 1317 823 1365 tu
844 1323 928 1366 nunc
952 1305 1037 1369 nihil
1062 1326 1125 1371 esse
1152 1326 1208 1371 ar·

265 1421 420 1499 bitraris,
443 1436 477 1483 ut
497 1435 579 1482 recte
600 1416 637 1481 de
659 1418 734 1481 Diis
756 1422 938 1499 sentiemes,
951 1398 1033 1485 ⁸bene
1050 1427 1207 1491 vivamus.

265 1538 401 1602 Primum
422 1538 459 1601 de
477 1536 538 1599 illis
553 1536 609 1598 tibi
622 1552 824 1618 perutagnum
846 1536 924 1615 quid
943 1526 1101 1620 indicans,
1121 1540 1206 1605 haud

265 1653 356 1718 fallax
385 1655 539 1734 reperiar:
574 1669 622 1717 est
650 1667 752 1717 autem
777 1651 885 1716 hocce.
931 1652 1011 1718 Non
1033 1670 1069 1721 tu
1090 1659 1205 1740 solus,

263 1790 320 1836 nee
351 1772 440 1834 atuici
469 1770 513 1833 tui
551 1770 710 1849 primum,
745 1770 823 1833 hanc
855 1771 894 1834 de
922 1770 994 1837 Diis
1023 1772 1204 1856 opinionem

263 1887 406 1967 habetis;
431 1888 485 1950 sed
508 1887 603 1967 aliqui
625 1905 769 1967 semper,
792 1905 861 1950 cum
889 1889 1016 1969 piures,
1040 1880 1206 1973 tum'pau·

264 2004 387 2082 eiures,
419 2007 477 2069 hoc
501 2005 613 2067 mot-bu
641 2005 832 2073 laborarunt.
874 2004 970 2091 Quod
997 2023 1073 2071 vero
1101 2007 1203 2089 pluri·

261 2121 319 2184 mis
351 2141 456 2184 eorum
483 2121 642 2202 contigit,
666 2120 723 2185 tibi
754 2122 900 2187 narrabo.
941 2122 1058 2187 Nullus
1077 2124 1199 2190 scilicet

262 2256 367 2301 eorum
393 2237 431 2300 ab
452 2239 656 2302 adolescentia
684 2258 785 2319 usque
812 2240 851 2304 ad
874 2254 1064 2305 senectutem
1088 2239 1200 2307 iubae

261 2355 433 2436 opinione,
477 2356 558 2419 Deos
590 2374 652 2418 non
684 2374 776 2432 esse,
809 2357 1042 2438 perseveravit3
1085 2357 1199 2439 reliqui

257 2487 358 2535 autem
388 2474 451 2536 duo
480 2472 579 2536 morbi
613 2474 755 2553 quamvis
784 2491 849 2537 non
876 2473 1006 2550 multis,
1035 2476 1199 2542 nonnullis
1243 2494 1248 2505 ·

259 2606 360 2653 tamen
392 2605 648 2671 permanserunt,
691 2610 758 2655 esse
782 2590 905 2672 quidem
928 2592 1037 2670 Deus,
1074 2594 1130 2658 sed
1155 2594 1197 2659 de

259 2709 352 2773 reims
377 2707 519 2771 htmaauis
543 2707 620 2770 nihil
651 2726 780 2772 curare:
826 2708 875 2772 vel
902 2724 1010 2771 curare
1038 2725 1092 2772 eos
1124 2708 1198 2791 qui·

257 2826 347 2903 dem,
371 2825 424 2888 sed
445 2822 535 2888 facile
557 2822 702 2906 precibus
724 2822 949 2906 sacrificiisque
969 2824 1093 2907 placari.
1138 2824 1195 2891 Tu

256 2945 371 3026 igitur,
403 2945 429 3005 si
464 2939 540 3005 mihi
572 2942 695 3015 credis,
730 2942 951 3022 exspectabis,
982 2942 1082 3007 donec
1104 2944 1196 3024 plane

254 3074 377 3122 constet
407 3058 462 3121 tibi
492 3078 550 3139 pru
580 3057 721 3136 viribus,
746 3056 823 3137 quid
849 3056 887 3120 de
922 3058 970 3122 his
991 3057 1194 3143 judicandum

255 3177 318 3238 sit:
363 3190 460 3256 utque
490 3175 520 3237 id
549 3193 736 3255 assequare,
766 3174 930 3255 diligenter
957 3176 1193 3260 considerabis,

255 3294 323 3370 sic,
354 3311 393 3358 an
416 3312 490 3359 vero
515 3293 624 3371 aliter,
656 3310 690 3355 se
713 3310 761 3355 res
785 3262 907 3355 iiabeat.
974 3292 1051 3357 Noli
1076 3293 1193 3363 interea

255 3427 314 3473 tam
339 3410 515 3473 temerat-ius
539 3426 630 3487 esse,
656 3424 691 3473 ut
713 3407 807 3489 impie
828 3408 865 3470 de
886 3406 956 3472 Diis
979 3408 1106 3479 sentias.
1126 3410 1167 3479 (Ι)

294 3524 466 3591 Praemisso
493 3524 553 3588 huc
581 3524 701 3588 munito
732 3520 942 3606 gravissimo,
976 3527 1063 3605 quod
1085 3546 1194 3593 senec·

251 3643 328 3708 tutis
353 3613 425 3706 cum
445 3616 686 3723 experientiam,
710 3656 776 3704 tum
800 3639 979 3721 sapientiam
1004 3640 1113 3722 refert,
1135 3662 1189 3708 ca-

250 3760 462 3825 villationibus
482 3757 629 3840 deinceps
647 3756 856 3841 sophistarum
875 3778 908 3824 a:
924 3734 1184 3842 philosophorum

1137 3876 1184 3944 sie

284 4015 326 4084 (t)
345 4013 520 4079 Danegihus
538 4012 634 4065 MSS
663 4011 765 4064 Α-Ι).
