2896 5168
616 453 807 517 -166-

253 632 385 698 bidinem
418 630 463 696 illi
492 630 792 697 subministrantium
823 630 1056 697 desideriorum.
1111 633 1176 701 Ubi

253 768 325 814 vero
349 764 547 813 susurrantes
568 749 649 813 circa
672 749 776 831 ipsum
803 748 989 832 cupiditates
1020 765 1179 835 caeterae,

251 871 379 933 refertae
406 865 540 945 nidore,
573 866 765 948 unguentis,
786 864 914 932 coronis
936 884 972 931 ae
992 885 1106 949 mero,
1126 886 1182 935 co·

250 1001 364 1066 augent
384 985 535 1064 aiuntque
554 982 738 1047 desiderium
759 983 860 1061 illud,
885 999 949 1048 tum
966 985 1028 1066 jam
1046 962 1098 1049 laic
1116 987 1180 1049 aui·

253 1103 294 1165 rni
323 1118 446 1183 praeses
482 1096 560 1163 furit
593 1101 719 1175 omnino
748 1099 966 1180 dementiaque
995 1096 1119 1180 fervet,
1144 1120 1179 1167 ac

252 1220 385 1300 stipatus
416 1218 487 1281 inde
519 1216 707 1282 satellitibus
738 1216 931 1297 stimuloque
960 1217 1121 1298 percitus,
1151 1217 1179 1282 si

251 1355 330 1417 quas
352 1335 431 1401 intra
449 1352 484 1399 se
502 1331 639 1418 frugales
662 1348 692 1398 et
716 1333 905 1401 verecundas
931 1332 1097 1415 opiniones
1124 1353 1180 1400 cu·

251 1455 459 1539 piditatesque
486 1451 672 1532 offenderit,
697 1454 844 1534 protinus
864 1450 1013 1533 exstirpat
1038 1450 1180 1533 expellit·

251 1590 334 1651 que,
353 1571 452 1634 donec
472 1565 703 1649 temperantiam
728 1583 851 1631 omnem
872 1566 974 1631 animo
990 1564 1111 1649 eiecerit
1130 1584 1179 1630 se-

250 1708 312 1771 que
322 1707 404 1753 nova
421 1685 539 1750 insania
556 1684 733 1767 repleverit.
767 1683 856 1749 Hane
872 1684 914 1748 ob
930 1701 1073 1750 caussam
1089 1700 1176 1748 amor

248 1822 402 1887 tyrannus
424 1804 526 1867 dictus
552 1800 625 1865 olim
648 1814 707 1870 est.
729 1797 769 1868 (Ι)

292 1922 329 1986 ln
351 1921 399 1984 his
419 1921 526 1996 Plato,
549 1917 593 1981 uti
615 1915 794 1994 cemimus,
812 1913 871 1979 iter
892 1913 1027 1979 hominis
1047 1915 1087 1981 ad
1105 1910 1180 1979 vitia

253 2055 440 2114 omnemque
451 2033 633 2116 pravitatem
655 2029 794 2096 absolvit
811 2031 944 2095 tandem.
988 2031 1062 2114 Quo
1078 2031 1110 2095 in
1126 2048 1180 2095 ue·

251 2152 338 2233 gotio
367 2150 443 2230 quid
475 2150 589 2214 amoris
623 2149 704 2231 illo,
744 2167 834 2228 quem
874 2147 1044 2228 describit,
1075 2145 1181 2213 furore

251 2262 460 2346 spectaverit,
496 2282 515 2328 e
549 2262 692 2329 Phaedro
735 2279 766 2328 et
800 2263 953 2349 Symposio
985 2263 1180 2346 intelligitur.

250 2384 408 2463 Πάνδημος
430 2394 476 2444 est
497 2383 556 2444 iste
576 2380 717 2460 scilicet,
739 2380 795 2459 qui
817 2380 972 2445 hominem
991 2381 1037 2444 sic
1056 2382 1095 2446 ad
1115 2395 1181 2445 tur·

250 2496 400 2579 pissima,
415 2513 460 2582 *ut
480 2497 606 2580 adprimae
628 2498 666 2561 ad
687 2497 869 2578 pulcerrima
897 2514 1040 2578 quaeque
1067 2512 1098 2560 et
1122 2498 1179 2561 bo·

252 2612 451 2691 mestissima,
476 2613 613 2678 adducit.
642 2611 724 2678 Idem
745 2629 846 2678 autern
867 2613 919 2677 ille
939 2613 1011 2678 vilis
1028 2613 1182 2698 abjectus·

252 2748 313 2810 que
325 2748 429 2809 antor,
452 2745 485 2793 ut
502 2731 532 2793 in
556 2729 697 2794 Phaedro
716 2730 839 2812 poetica
859 2746 906 2795 est
927 2730 1048 2795 ratione
1065 2730 1181 2796 descri-

250 2861 349 2929 ptus,
380 2849 423 2914 ita
452 2850 501 2914 bic
530 2849 721 2931 philosopha
743 2850 836 2915 hacce
860 2850 898 2912 de
917 2853 1026 2916 natura
1045 2850 1178 2917 humani

249 2964 498 3047 disquisitione,
522 2965 679 3043 efficitur,
700 2965 800 3046 qualis
827 2966 869 3029 sit
894 2968 1044 3049 proprie,
1072 2986 1180 3048 quam·

253 3100 316 3162 que
338 3082 402 3163 vim
422 3083 459 3144 ad
482 3097 616 3144 caeteras
638 3080 821 3163 cupiditates
847 3101 954 3146 omnes
976 3083 1179 3149 incendendas

253 3213 417 3277 totumque
449 3195 604 3261 hominem
630 3216 661 3262 et
688 3199 851 3279 regendum
880 3199 1003 3279 tyranni
1028 3199 1123 3265 instar
1147 3214 1178 3264 et

252 3315 378 3396 penitus
396 3316 680 3394 corrumpendum,
701 3314 819 3377 babeat.
850 3313 924 3397 Quo
944 3314 1041 3396 magis
1060 3316 1177 3380 ethicae

252 3436 356 3494 locum
377 3431 610 3512 philosophus,
636 3429 691 3512 qui
715 3445 762 3493 est
785 3429 823 3492 de
846 3429 1017 3494 virtutibus
1035 3449 1070 3495 ac
1090 3429 1176 3496 vitiis

252 3546 445 3626 niaximeque
466 3546 504 3608 de
527 3544 620 3607 animi
648 3543 890 3624 depravatione,
921 3547 1011 3625 plene
1032 3561 1179 3612 tractasse

252 3664 386 3725 videtur.
439 3663 500 3725 Sed
518 3663 549 3723 in
573 3661 635 3724 vita
657 3660 854 3740 potissimum
874 3663 1026 3745 tyrannici
1046 3664 1104 3728 viri
1123 3664 1173 3730 hic

252 3780 396 3843 stimulus
416 3778 530 3841 aratoris
548 3794 694 3858 apparet:
717 3779 824 3859 quod,
853 3798 929 3861 age,
948 3780 1100 3847 describat
1119 3799 1177 3846 no·

253 3895 301 3957 bis
324 3897 468 3973 deinceps
490 3893 646 3957 Socrates.
742 3980 745 3985 .

286 4044 326 4113 (l)
345 4049 388 4098 De
404 4051 476 4118 Rep·
493 4047 545 4101 [X.
561 4046 622 4118 571·
641 4052 675 4103 A.
692 4076 722 4091 -
739 4050 799 4121 573·
818 4051 848 4104 B.
