2896 5168
731 448 925 511 ...114-

363 610 494 677 acritate
534 625 676 676 constare
713 608 877 674 dicamus?
936 606 1022 673 Haec
1066 607 1185 674 scilicet
1225 626 1287 679 una
1391 664 1402 683 .

364 728 539 793 dominatur
570 728 601 792 in
631 726 725 790 illis:
769 743 839 789 nam
887 724 1047 790 veritatem
1093 725 1171 807 quid
1215 745 1286 794 esse

359 844 448 910 aliud
483 859 654 927 putemus,
688 861 779 923 quam
810 841 911 924 illud,
954 843 1039 924 qnod
1066 856 1135 924 cst,
1157 859 1221 908 non
1249 845 1286 908 lit

350 979 400 1027 'ac
422 959 582 1040 nascitur,
614 977 678 1024 non
713 958 775 1025 alio
800 973 941 1044 tempore
971 960 1055 1026 aliud
1087 962 1138 1027 uel
1163 976 1214 1028 cst
1237 961 1287 1027 vel

356 1058 490 1151 ¹videtur
516 1095 608 1156 csse,
641 1077 696 1143 sed
724 1075 804 1143 idem
834 1092 882 1143 est
916 1076 1095 1161 perpetuo?
1124 1070 1160 1142 ld
1184 1083 1314 1143 autem'

367 1198 498 1275 msam,
546 1195 634 1283 quod
665 1196 707 1259 ita
740 1193 833 1259 nobis
870 1211 889 1256 e
930 1191 1056 1257 sublimi
1089 1194 1144 1257 hac
1185 1193 1292 1275 philo·

357 1310 484 1392 :rophia
522 1312 666 1376 sublimis
703 1309 890 1392 philosphus
927 1307 1188 1387 percipiendum,
1226 1325 1293 1371 cer·

358 1443 404 1491 :tc
429 1429 640 1510 augurandum
662 1424 826 1507 pmebuit‚
859 1420 1039 1486 admirabile
1068 1434 1141 1498 est,
1176 1436 1210 1485 ut
1240 1439 1293 1485 crr-
1370 1466 1378 1480 .

371 1534 503 1625 ptinere
537 1542 622 1606 omni
653 1560 731 1608 aevo
773 1542 919 1605 mortales
958 1535 1062 1601 conati
1102 1536 1177 1600 sint.
1232 1535 1296 1601 Ce-
1380 1608 1391 1627 Ὁ

360 1657 578 1725 =·lebratissima
608 1672 657 1725 est
693 1657 879 1742 Aegyptiaci
922 1654 1029 1736 templi
1062 1652 1244 1735 inscriptio,
1275 1671 1295 1716 a

312 1772 314 1776 ’
364 1776 539 1843 Plutarcho
567 1774 659 1840 nobis
684 1788 818 1840 servata:
849 1776 930 1852 Ἐγώ
949 1780 1008 1856 εἶμι
1035 1779 1096 1841 πᾶν
1116 1776 1152 1840 τὸ
1173 1774 1296 1850 γεγονὸς

361 1895 425 1960 cal
455 1891 558 1959 haral
586 1892 732 1972 ἐσόμενον·
753 1893 804 1958 toti
832 1895 882 1959 cdv
908 1894 977 1971 ἐμὸν
998 1893 1112 1958 πέπλον
1133 1891 1224 1962 οὐδείς
1251 1914 1298 1955 πω

363 2011 474 2083 'Avario
499 2008 711 2089 ἀπεκάλυψεν.
741 2005 786 2067 (¹)
838 2004 953 2091 Quid?
985 2005 1071 2085 quod
1096 2002 1213 2067 nostris
1240 2019 1299 2065 nos

367 2120 491 2204 linguis
521 2125 555 2190 τὸ
583 2124 631 2199 ὅν,
663 2125 860 2201 circadalia,
890 2124 1056 2189 acritatem
1083 2124 1301 2206 sempiternam

365 2238 442 2304 Deo
468 2237 750 2328 adscribimus‚·et
775 2239 832 2303 hac
860 2234 1007 2305 constare
1028 2255 1207 2320 supremum
1244 2254 1303 2300 nu·

370 2373 451 2422 :men
480 2355 635 2436 dicimus,
667 2355 833 2421 essentiam
859 2372 1054 2437 supremam,
1079 2357 1170 2419 erre
1199 2358 1305 2440 sopra·

370 2493 447 2560 arc,
465 2490 599 2555 ,unoque
617 2471 744 2537 nomine
764 2495 780 2536 0
791 2490 811 2556 p
819 2472 1175 2556 paruezcn,Denm
1188 2516 1199 2549 ‚
1214 2489 1306 2550 quem

372 2586 534 2666 molimus,
566 2585 784 2667 appellantes?
823 2584 920 2668 Quod
948 2585 1019 2649 irem
1058 2584 1097 2649 de
1128 2585 1227 2664 ideis,
1270 2600 1307 2648 ut

376 2698 488 2783 paullo
517 2714 590 2764 ante
615 2699 747 2776 monui,
780 2717 987 2782 usurpamus,
1019 2700 1144 2781 quoties
1170 2708 1243 2771 adri
1273 2708 1309 2771 ch

377 2820 476 2885 «arla
509 2815 630 2880 Graece
667 2819 721 2899 τῷ
748 2816 836 2883 ὄντα
876 2822 990 2896 καλὸν,
1021 2817 1145 2900 Belgica
1168 2839 1311 2884 mezen·

380 2931 463 3016 layl
492 2932 598 2997 sciona
618 2949 778 2997 vocamus.
822 2933 874 2998 Sic
899 2945 1014 3016 sponte
1036 2935 1097 3017 ipsi
1118 2930 1228 3001 nostra
1254 2937 1311 3001 hac

383 3050 534 3116 cantaris
565 3048 696 3114 notione
726 3044 816 3130 quasi
852 3033 1079 3133 repraesentare
1105 3052 1213 3116 animis
1238 3071 1314 3119 nos·

383 3164 445 3230 tris
470 3178 525 3230 -et
545 3165 649 3231 Deum
679 3179 711 3229 et
749 3184 796 3230 res
832 3166 1039 3250 intelligibiles
1078 3170 1312 3235 consuevimus.

388 3282 482 3368 Quae
515 3282 653 3348 comita
680 3280 767 3362 sint,
801 3282 910 3364 quidni
935 3296 966 3348 et
996 3297 1121 3347 naturae
1147 3283 1317 3350 convenire

392 3395 625 3477 philosophiam
642 3395 852 3476 Platonicam,
881 3412 913 3462 et
936 3400 1036 3464 Deum
1056 3416 1095 3464 ex
1117 3400 1211 3484 hujus
1231 3401 1318 3484 prin-

360 3508 484 3590 ·cipiis
517 3507 734 3594 philosophiae
760 3516 857 3598 ipsius
886 3517 1032 3580 ueritatis
1061 3513 1161 3581 idoalc
1179 3530 1318 3584 nastrum
1404 3489 1408 3497 ¹

393 3625 464 3692 aive
491 3628 686 3711 aragolisam
723 3628 886 3695 dicendum
919 3629 1156 3714 habendumque
1192 3634 1322 3699 arbitre-

394 3741 487 3807 mur?
530 3742 715 3826 Philosophi
753 3759 828 3829 post
864 3745 1023 3812 Platonem
1063 3747 1151 3830 fere,
1192 3765 1322 3815 auctore

1263 3883 1325 3930 ma-

432 3990 486 4064 (1)
502 3989 641 4086 Phineia·
663 3995 694 4048 dc
712 3994 787 4050 laide
813 4007 842 4051 cd
866 3997 979 4052 Otitidc
997 3994 1094 4055 864ιῦ
