2896 5168
625 451 816 520 ..157-

250 631 375 708 ainaim
406 629 440 695 τὸ
467 627 549 698 miv,
572 621 787 706 αἰσχυνόμενος
809 621 852 700 lai
878 620 1023 700 Φορτικῶς
1044 616 1185 685 σκώπτω-

249 773 322 827 μεν,
343 744 430 822 r'rrrot
448 744 653 826 αἰσχύνομαι,
675 741 693 818 ἦ
715 738 767 808 ἕνα
788 737 860 806 dura
876 733 1074 818 rluputvrlnt·
1106 744 1188 816 liap-

248 865 369 944 munna
399 863 430 930 al
461 885 511 942 μοι
544 858 687 938 Φαίνεται
716 857 751 922 ri
789 860 841 921 τοῦ
873 854 1003 933 Ὁμήρου
1039 850 1188 922 αἰδοῖός

250 983 286 1048 τέ
310 1004 361 1062 μοι
388 978 458 1058 ἅμα
491 975 621 1046 δεινός
648 987 697 1039 rr·
727 970 956 1052 συμπροσέμιξαι
987 970 1048 1051 γὰρ
1076 969 1111 1044 δὲ
1146 968 1189 1048 τῷ

251 1069 350 1174 nivini,
379 1093 459 1158 πάνυ
500 1092 587 1166 νέος,
618 1087 699 1155 πάνυ
742 1087 914 1167 πρεσβύτῃ·
944 1084 997 1149 καί
1018 1105 1069 1163 μω
1091 1081 1189 1165 ἐφάνη

246 1210 346 1291 ’βάθος
381 1209 411 1276 rl
443 1206 527 1290 ἔχειν
554 1206 733 1272 παντάπασι
774 1212 907 1282 γενναῖον
942 1196 1000 1262 (1)·
1062 1197 1189 1284 Quibus

251 1323 344 1388 dictis
374 1321 548 1405 disputatio
577 1317 786 1401 subsequitur
800 1316 938 1384 Socratis
970 1334 1042 1382 cunr
1067 1315 1190 1385 Theae-

246 1454 341 1518 teto,
364 1456 466 1522 equa
498 1435 632 1520 intelligi
662 1434 782 1518 optimc
812 1453 910 1518 posse
946 1433 1095 1514 videtur,
1118 1451 1216 1499 curn.

252 1557 330 1640 quid
351 1555 383 1620 in
400 1554 551 1622 Eleaticis
573 1551 756 1636 probaverit
774 1552 885 1631 Plato,
907 1564 975 1616 turn
997 1568 1074 1618 vero
1095 1549 1194 1618 maxi·

252 1690 326 1751 mc,
358 1671 436 1754 quid
467 1671 539 1753 ipse
570 1669 609 1734 dc
637 1667 770 1733 scientia
793 1685 827 1731 ac
859 1667 898 1732 de
926 1686 986 1749 co,
1009 1668 1097 1749 quod
1116 1683 1191 1748 est,

253 1792 319 1871 περὶ
338 1794 391 1856 roi
407 1788 510 1863 ὄντος,
532 1781 770 1853 existimaverit.
817 1781 890 1847 Hoc
911 1797 1039 1863 autern,
1062 1783 1191 1865 inquit,

257 1901 448 1984 Theaetete,
468 1904 509 1968 de
529 1901 620 1968 dictis
642 1901 771 1984 insuper
788 1899 973 1965 considera:
996 1917 1123 1967 sensum
1144 1918 1195 1967 es·

256 2037 291 2085 sc
316 2018 474 2095 scientiam
504 2018 635 2099 dixisti,
657 2015 790 2084 nonne?
811 2052 857 2069 -
878 2016 968 2083 Dixi.
990 2053 1037 2071 —
1057 2018 1092 2085 Si
1120 2017 1192 2101 quis

255 2135 352 2220 igitur
380 2152 418 2200 ex
442 2149 475 2201 te
493 2126 680 2217 quaereret,
703 2152 840 2214 quonam
869 2133 939 2199 alba
967 2148 999 2199 et
1030 2133 1116 2220 nigra
1135 2135 1195 2200 lro·

256 2271 309 2318 mo
338 2251 463 2329 videat,
495 2269 603 2333 quove
630 2263 720 2314 acuta
746 2263 778 2315 et
811 2250 915 2333 gravia
942 2251 1070 2333 audiat,
1093 2251 1194 2317 oculis

249 2383 295 2434 -ut
326 2367 484 2444 arbitror,
516 2381 547 2431 et
581 2365 737 2446 auribus,
770 2365 988 2448 responderes.
1020 2366 1196 2449 -Equi-

257 2487 339 2552 dem·
373 2520 421 2536 —
462 2481 520 2550 Uti
550 2482 759 2565 negligentius
790 2482 972 2548 nominibus
1004 2482 1195 2568 verbisque,

257 2621 315 2669 nec
342 2600 435 2668 nimis
467 2618 503 2666 ea
531 2599 658 2666 curiose
677 2600 865 2683 exquirere,
893 2619 1117 2684 saepenumero
1142 2623 1196 2689 go-

256 2719 363 2785 nerosi
397 2717 492 2783 aninri
530 2731 604 2795 est,
642 2718 833 2785 contrarium
872 2733 974 2786 autem
1012 2719 1195 2789 illiberalis:
1305 2744 1307 2749 ’

258 2855 484 2919 nonnunquam
517 2849 619 2902 tamen
644 2835 854 2903 necessarium
885 2850 956 2917 est3
990 2838 1089 2904 veluti
1111 2857 1197 2905 nunc

256 2955 290 3019 iu
331 2952 418 3033 quod
444 2951 635 3030 respondisti
670 2952 897 3032 reprehendere
927 2955 1091 3036 cogimur,
1134 2975 1197 3039 qua

259 3069 293 3133 in
331 3081 419 3149 parre
458 3081 524 3129 non
555 3077 639 3129 recte
671 3083 706 3129 se
742 3065 848 3130 habet.
906 3067 1045 3135 Artende
1079 3069 1193 3136 eninr:

263 3197 368 3249 utrum
394 3179 508 3247 rectius
534 3180 785 3263 respondeatur:
809 3179 831 3266 ὦ
856 3184 982 3264 δρῶμεν,
1010 3189 1098 3252 τοῦτο
1122 3184 1196 3256 εἶναι

263 3303 462 3387 ὀφθαλμοὺς,
485 3301 503 3380 ἢ
530 3302 567 3369 δι’
584 3297 617 3369 οὗ
636 3301 758 3382 δρῶμεν.
782 3301 833 3367 καὶ
865 3297 886 3382 ᾧ
913 3301 1079 3384 ἀκούομεν,
1111 3297 1195 3382 ὦτα,

251 3422 282 3499 ,ἢ
303 3423 339 3489 31·
364 3419 398 3488 οὗ
420 3421 580 3501 ἀκούομεν·
602 3437 684 3502 quo
711 3413 869 3495 ridemur,
900 3417 956 3481 hoc
987 3437 1048 3483 esse
1078 3417 1197 3519 oculor,
1227 3496 1232 3509 ¹

252 3555 305 3621 3an
322 3552 400 3621 prr
418 3531 522 3619 quod
540 3530 702 3614 videmus,
723 3555 804 3619 quo
820 3533 965 3601 audimus
978 3536 1124 3614 ,huesca
1142 3558 1202 3604 au·

252 3669 336 3732 ¹act,
352 3672 397 3717 arr
413 3668 493 3737 per
512 3649 618 3734 quod
635 3649 810 3719 audimus?
830 3687 877 3704 -
893 3650 1004 3718 Potius
1018 3646 1102 3719 'mihi
1114 3700 1127 3737 ,
1139 3672 1201 3744 pcr
1275 3700 1278 3707 -

252 3832 270 3859 Η
300 3870 340 3942 (1)
368 3871 487 3939 ,Theona
514 3871 575 3925 183.
609 3870 644 3925 E.
661 3871 706 3924 Do
734 3871 863 3939 Eleaticis
889 3889 975 3946 nuper
1000 3791 1201 3948 pssmffii’uzi

206 4042 210 4050 .
254 3956 455 4044 ¹augurantur,
495 3971 585 4045 operia
617 3970 727 4026 iniliurn
759 3970 892 4043 prodiit:
930 3974 1067 4029 Karstenr'
1091 3974 1199 4047 pltr'lor.
1230 4039 1233 4049 Ι

251 4082 389 4133 'vetemur
409 4071 557 4143 reliquiae·
576 4070 643 4129 Vols
661 4071 686 4127 1.
707 4070 886 4130 Brux.'1830.
