2896 5168
732 452 791 473 -·
804 430 865 496 ι86
882 401 933 477 ⁸-

367 605 524 675 seientia
553 606 621 689 sit,
665 607 741 689 quid
777 609 972 692 negandum,
1008 611 1086 692 quid
1112 611 1194 677 inter
1227 601 1302 699 opiss·

367 725 516 807 niumm,
546 745 638 808 quam
666 724 836 807 sommus,
860 740 891 792 et
911 725 1095 810 scientiam,
1115 730 1295 814 quamipsi

290 855 293 861 ·
368 844 469 910 menti
495 845 671 924 debemus,
702 842 890 909 discriminis
914 845 999 929 apud
1026 863 1097 912 eum
1125 846 1191 928 sit,
1213 857 1301 928 quae

367 961 443 1028 item
472 960 707 1044 atepdcomm,
752 978 833 1043 quae
870 960 1118 1046 dogmaticorum
1151 964 1194 1030 sit
1220 980 1300 1030 con·

368 1079 448 1145 ditio
471 1091 507 1144 ¹et
533 1090 685 1159 quantum
711 1079 824 1144 horum
852 1078 893 1144 de
921 1079 1053 1147 acientid
1073 1080 1301 1165 philosophan-

325 1258 328 1265 .
369 1194 401 1260 di
430 1193 545 1260 rationi
582 1195 662 1262 ratio
694 1197 832 1263 Platonis
874 1211 1023 1278 praestet.
1075 1197 1163 1264 Tum
1195 1216 1299 1281 vero,

368 1310 397 1378 si
438 1312 617 1380 Platonicae
653 1310 873 1395 philosophiae
910 1310 1049 1375 studium
1090 1312 1170 1377 hanc
1213 1316 1298 1396 apud

369 1446 430 1496 nos
467 1429 531 1495 vim
572 1426 688 1490 habere
728 1423 852 1503 debet,
896 1437 932 1489 ut
973 1424 1035 1509 ipsi
1078 1426 1298 1511 pirssosophari

368 1559 453 1612 tecte
489 1542 669 1623 discamus,
709 1539 865 1624 proficere
900 1540 995 1606 nobis
1030 1559 1069 1608 ex
1102 1545 1208 1612 eadem
1240 1545 1297 1610 hac

368 1657 590 1742 disquisitione
627 1657 665 1723 ad
708 1657 890 1724 recentioris
932 1658 1025 1724 etiam
1061 1659 1129 1725 aevi
1172 1661 1298 1744 sophis-

354 1753 417 1845 ¹tas
443 1776 659 1862 dijudicandos
684 1775 804 1842 licebit.
854 1774 966 1840 Minus
997 1775 1030 1842 hi
1053 1776 1181 1859 quidem
1212 1777 1301 1864 inge·

369 1894 482 1975 minse,
506 1913 598 1977 quarn
619 1893 741 1975 antiqui
762 1894 829 1974 illi,
851 1895 906 1958 sed
927 1907 1030 1960 tamen
1051 1895 1134 1961 haud
1152 1894 1300 1960 dissimili

370 2013 491 2077 tatione
515 2010 553 2075 ab
584 2014 742 2091 αἰσθήσει,
784 2028 801 2074 a
830 2009 975 2077 sensibus
1008 2011 1145 2077 externis
1175 2029 1300 2079 ornnem

371 2127 584 2214 repetiverunt
626 2142 658 2194 ct
699 2126 912 2211 cognitionem
949 2140 981 2193 et
1026 2127 1186 2194 scientiam
1224 2148 1301 2194 nos·

371 2259 450 2313 tram
480 2246 549 2328 (¹),
591 2260 628 2311 ut
657 2245 773 2329 pariter
802 2258 987 2327 usurparent
1011 2244 1199 2330 Protagorae
1227 2245 1302 2312 effa·

372 2377 465 2446 ttrm,
503 2367 639 2429 omnium
668 2381 776 2428 rerum
815 2363 965 2426 homiuem
1004 2383 1181 2428 mensuram
1218 2384 1301 2446 esto,·

299 2497 305 2503 ·
371 2479 558 2548 Platonicam
577 2492 679 2544 autem
702 2477 911 2556 sententiam,
933 2496 972 2543 er
1000 2477 1149 2545 interiore
1174 2494 1302 2547 naturae

372 2597 524 2661 humanae
542 2592 725 2677 cognitione
745 2594 887 2673 ductam,
909 2593 1013 2660 Deum
1040 2616 1101 2659 esse
1119 2597 1304 2664 mortalibus

371 2715 506 2779 omnium
545 2730 653 2775 rorum
691 2728 891 2785 mensuram,
934 2728 1001 2773 non
1040 2711 1245 2792 respicerent·
1264 2731 1302 2776 ac

371 2827 535 2909 rejicerent
567 2827 658 2891 adeo.
722 2825 792 2890 Nec
824 2842 900 2889 vero
930 2824 965 2889 hi
993 2823 1086 2890 etiam
1120 2826 1302 2907 repudiandi

292 2958 300 2981 t
372 2942 467 3010 nobis
490 2960 624 3026 prorsus
657 2954 747 3006 sunt.
802 2940 915 3006 Acutis
946 2959 1056 3006 eorum
1089 2935 1304 3024 aequatisque

373 3062 413 3129 'de
442 3060 597 3146 physica,
640 3077 733 3142 quam
767 3073 904 3138 vocant,
947 3058 1085 3125 hominis
1119 3060 1303 3127 conditione

373 3177 678 3263 disquisitionibus,
698 3177 738 3273 ad
758 3174 916 3241 hominem
940 3177 1193 3260 cognoscendum
1223 3181 1304 3244 mul·

371 3310 442 3366 tum
470 3296 643 3375 debemus3
665 3305 866 3360 veruntamen
894 3294 1106 3377 usurpandum
1126 3293 1246 3377 paritur
1266 3296 1307 3363 de

1251 3431 1306 3478 ns·

408 3599 450 3672 (ι)
470 3599 611 3655 Helvetios
631 3616 661 3655 ν.
689 3616 716 3655 c.
741 3599 808 3652 duas
829 3598 934 3652 homini
956 3601 991 3652 ad
1012 3602 1185 3673 augimdura
1205 3572 1304 3658 'tacu-

374 3706 444 3755 ἱεῖσι
474 3702 588 3767 tribuit,
618 3718 733 3772 quarum
759 3699 872 3753 alterurn
896 3701 1111 3756 umibilitatem
1133 3704 1303 3775 physicam,

374 3800 488 3855 dieram
507 3804 664 3854 memoriam
684 3806 782 3855 uocat:
811 3808 952 3870 utramque
975 3808 1062 3853 autem
1089 3803 1204 3871 proprie
1224 3820 1303 3857 unent

376 3892 539 3970 umdemque
565 3917 622 3952 esse
652 3897 806 3952 contendit:
841 3899 872 3950 la
900 3898 1057 3952 sensibili&
1082 3902 1158 3955 seule
1187 3902 1303 3973 produit

376 4008 469 4054 toutea
486 4018 537 4054 not
554 4001 638 4057 idest·
673 4002 718 4053 Be
740 3996 876 4067 i'Bopn'ss
889 3994 969 4056 itin·
988 3992 1012 4052 Ι.
1027 3994 1063 4053 0.
1081 3999 1116 4053 1.-
1122 4017 1150 4069 ρ.
1169 4018 1196 4057 αι
1213 4004 1240 4053 ei
1254 4016 1283 4070 0.
