2896 5168
626 448 818 513 -ur—

253 632 319 698 qne
339 632 378 675 ex
402 610 605 677 similitudine
629 614 725 676 etiam
755 629 863 675 materen
888 610 1002 684 eieci,
1025 602 1189 692 quodam,

253 744 284 794 te
313 749 373 795 nen
399 728 536 810 fueret,
567 733 742 812 κατάληψιν
771 730 939 809 imposuit:
966 744 1038 787 cum
1076 737 1181 789 eutem

252 846 371 911 iaevam
402 867 528 909 manum
553 842 734 911 admouerat
760 860 789 907 et
810 844 900 908 iilum
919 860 1072 929 pugnum·
1091 854 1179 904 arete

251 964 502 1046 uehementerque
543 975 794 1045 compresserat,
846 963 1084 1024 scientiam
1131 973 1183 1021 ia·

250 1078 309 1141 iem
337 1097 398 1142 esse
423 1076 563 1154 dicebat,
585 1077 672 1162 cresces
690 1092 876 1157 compotem,
899 1080 960 1141 nisi
991 1080 1182 1160 sapientem,

251 1213 312 1259 esre
338 1197 485 1258 nemmem
504 1191 517 1252 (
533 1194 560 1259 ).
603 1192 817 1276 Agnoscimus
835 1192 867 1256 in
888 1193 937 1257 his
957 1197 1077 1273 multa,
1100 1212 1182 1275 quae

251 1309 438 1375 Platonicam
474 1309 644 1375 doctrinam
675 1308 822 1375 referant.
866 1309 1016 1375 Similiter
1036 1330 1183 1395 progres-

251 1426 299 1493 sio
318 1426 453 1491 0ccurrit
474 1426 610 1493 hominis
636 1426 675 1491 ad
696 1426 879 1507 scientiam,
901 1426 1044 1493 similiter
1067 1426 1100 1491 in
1123 1427 1181 1491 hae

251 1542 473 1624 progressione
504 1546 640 1628 opinioni
659 1543 835 1625 opponitur
863 1547 1018 1625 scientia,
1041 1544 1181 1611 studium

251 1675 379 1738 apparet
408 1658 550 1723 similiter
578 1662 725 1723 scientiae
750 1673 782 1724 et
808 1663 967 1725 ueritatis.
1019 1662 1063 1727 Et
1094 1662 1184 1744 quod

251 1777 448 1856 κατάληψιν,
480 1778 769 1861 comprehensionem
799 1774 930 1841 similem
954 1776 994 1841 iis
1020 1777 1114 1841 rebus
1137 1780 1184 1843 di·
1276 1762 1279 1766 ⁵

250 1889 312 1965 xit,
334 1910 415 1973 quae
439 1910 536 1955 manu
551 1891 806 1979 prenderemar,
838 1892 870 1955 id
898 1892 999 1971 dixit,
1022 1892 1109 1973 quod
1136 1911 1184 1958 re·

251 2004 408 2069 centiores
435 2006 557 2091 linguae
579 2008 683 2073 verbis
706 2008 908 2091 exprimunt,
932 2026 967 2075 ut
987 2009 1075 2077 hisce
1095 2031 1128 2076 v.
1152 2031 1181 2083 c.

251 2121 477 2207 comprendre,
509 2141 642 2203 vasten,
664 2124 834 2203 benereem,
859 2126 1043 2214 begrijpen,
1061 2128 1185 2217 begrip·

249 2250 309 2319 pen
340 2236 483 2320 krm'getm
515 2256 573 2301 nec
607 2256 682 2301 vero
715 2238 862 2304 abhorret
893 2241 974 2306 idem
1004 2241 1042 2306 ab
1065 2244 1182 2308 aviario

251 2353 403 2417 Platonis.
447 2354 528 2419 Nam
558 2370 594 2419 ut
629 2355 677 2419 luc
698 2354 731 2418 in
752 2354 952 2435 TheaetetO,
975 2358 1063 2437 quod
1084 2376 1183 2442 expo·

252 2471 395 2548 suimus,
413 2478 523 2554 tripode
555 2500 584 2542 rr
605 2476 712 2548 iureis
733 2483 852 2557 ψυχαῖς
865 2481 916 2543 οὐκ
927 2472 984 2545 ela’
1001 2476 1019 2543 ὅ
1036 2505 1065 2547 ar
1082 2481 1183 2548 nair·

249 2616 298 2671 μ
325 2587 370 2647 (2)
392 2585 566 2669 effinxerat,
601 2587 643 2651 ita
671 2588 819 2669 deinceps
845 2588 878 2651 in
911 2591 1022 2655 eodem
1057 2590 1181 2679 dialogo

250 2704 386 2769 animum
424 2687 582 2783 hominis,
627 2703 775 2769 scientiae
817 2704 1016 2773 declarandae
1047 2728 1180 2793 caussa,

248 2821 365 2887 aviario
401 2820 605 2903 comparavit.
648 2821 819 2907 Quaeritur
849 2822 937 2903 illic,
980 2828 1181 2908 quemadmo-

249 2942 324 3019 dum
354 2958 414 3003 nos
448 2939 607 3003 scientiam
642 2941 725 3001 nacti
756 2955 787 3003 et
818 2941 931 3005 habere
958 2962 1024 3007 eam
1052 2959 1084 3010 et
1114 2965 1180 3013 non

252 3055 365 3121 habere
396 3053 457 3117 dici
487 3052 666 3133 possimus:
691 3055 778 3131 quod
808 3057 951 3133 exemplo
970 3057 1106 3125 illustrat
1123 3061 1182 3125 ho·

251 3170 368 3250 minis,
403 3169 457 3249 qui
488 3183 608 3233 vestem
638 3170 713 3232 emit
747 3187 782 3233 ac
814 3169 980 3249 possidet,
1002 3190 1068 3236 non
1101 3194 1177 3239 vero

248 3288 339 3372 gen't.
385 3287 448 3355 Sed
473 3285 571 3365 vide,
608 3284 710 3365 inquit
743 3285 909 3365 Socrates,
939 3304 1014 3351 num
1040 3288 1124 3353 hunc
1145 3291 1179 3357 in
1229 3304 1232 3309 ’

251 3406 378 3471 modum
410 3401 478 3467 fieti
510 3400 639 3484 possit,
671 3415 707 3465 ut
735 3399 894 3465 scientiam
926 3403 1009 3467 nacti
1041 3422 1107 3470 non
1136 3422 1181 3473 ta·

251 3540 322 3589 men
351 3520 517 3585 habeamus
546 3537 612 3582 eam
647 3532 743 3599 atque
773 3516 972 3599 aberremus,
1003 3522 1128 3603 veluti,
1150 3525 1179 3590 si

245 3640 323 3721 -quis
337 3640 507 3722 sylvestres
527 3654 624 3715 aves,
645 3634 806 3699 columbas
826 3634 895 3700 sive
912 3636 995 3700 aliud
1026 3640 1103 3719 quid
1126 3661 1181 3708 ve·

251 3774 367 3837 natus,
387 3752 503 3821 aviario
536 3751 621 3818 domi
639 3766 846 3831 constructo,
869 3753 952 3833 alat,
976 3757 1180 3836 quodammo-

1135 3874 1176 3942 do

287 4010 328 4081 (Ι)
351 4004 537 4063 eic.ood.1..
555 4002 609 4061 W.
626 4022 653 4061 c.
666 4007 712 4077 ⁴7.
750 4005 790 4077 (α)
814 4005 932 4059 Thraci.
950 4023 1009 4078 ¹97·
1026 4006 1063 4062 D.
