2896 5168
705 460 909 528 ιιι-150...

346 633 471 701 diculus
498 627 795 702 e'teontemnudus
825 626 1013 711 iudicemus.
1060 629 1146 699 Hace
1171 636 1276 703 adem

344 751 558 836 sophistarum
575 746 782 832 inprimisque
799 743 988 828 Protagorae
1006 744 1118 831 placita
1136 751 1193 832 qui
1210 768 1277 817 non

345 868 416 936 miri
442 886 514 935 ease
548 863 718 943 acuminis,
748 879 814 928 non
853 881 993 931 summae
1025 865 1200 949 sagacitatis
1230 869 1278 934 di.

344 985 411 1082 cit,
434 985 518 1051 hune
535 982 638 1065 ipsum
662 980 713 1047 val
734 980 953 1065 praejudicatis
977 1000 1178 1060 occoecatum
1208 986 1278 1070 opi·
1390 997 1398 1016 ·

344 1099 518 1179 itionibus,
552 1098 603 1163 vel
631 1115 697 1163 non
725 1113 915 1183 magnopere
947 1102 1094 1168 solertem
1123 1121 1193 1170 ease
1224 1123 1279 1171 su·

306 1277 309 1283 .
344 1215 515 1300 spicemur.
559 1214 647 1280 Plato
680 1232 756 1282 vero
781 1215 853 1297 ipse
876 1213 1002 1280 videtur
1026 1217 1065 1282 de
1095 1219 1277 1301 sophistis,

341 1346 428 1400 certe
452 1331 493 1398 de
524 1331 694 1412 Protagora
721 1329 811 1393 aliter
842 1327 1049 1395 existimasse.
1092 1326 1276 1414 Reprehen.

342 1449 390 1517 dit
419 1448 453 1514 in
480 1448 536 1514 illo
558 1445 741 1510 sententiam
773 1444 852 1508 hanc
879 1444 919 1509 de
949 1441 1082 1509 veritate
1109 1447 1276 1529 multoque

341 1563 433 1630 etiam
469 1560 592 1642 magis,
615 1558 703 1642 quod
724 1559 763 1624 de
783 1558 854 1625 Diis
888 1559 1133 1643 pronunciavit,
1154 1578 1275 1628 essent-

341 1695 383 1746 ne
411 1677 479 1760 illi,
508 1695 567 1744 nec
596 1694 656 1757 ua,
679 1692 714 1742 se
745 1694 803 1742 nec
826 1676 907 1742 scire
928 1695 986 1743 nec
1008 1695 1167 1765 quaerere.
1211 1680 1275 1744 Ve-

340 1812 410 1863 rum
432 1792 515 1866 idem
538 1792 651 1871 Plato,
680 1789 742 1857 nisi
772 1792 910 1874 legendis
942 1792 1003 1858 viri
1024 1793 1150 1877 scriptis
1179 1793 1275 1860 admi·

342 1923 429 1980 rinus
452 1912 521 1996 ejus
541 1908 704 1993 ingenium
733 1905 876 1992 fuisset,
898 1927 964 1974 nou
980 1909 1126 1994 profecto
1147 1930 1188 1978 ex
1212 1912 1273 1978 illis

339 2027 620 2117 praeclarissimum
648 2025 795 2110 placitum
828 2026 869 2092 de
888 2026 1089 2093 instimtione
1110 2043 1142 2094 et
1168 2027 1209 2095 de
1228 2047 1276 2095 τε.

340 2144 553 2232 publicio),
593 2162 659 2211 non
685 2141 822 2210 fabulam
855 2117 1000 2210 illam'de
1028 2145 1214 2211 Prometheo
1243 2160 1276 2212 et

271 2347 281 2362 ,
340 2263 553 2348 Epimetheo,
586 2281 648 2345 qua
680 2263 796 2327 nullam
822 2261 951 2343 antiqua
978 2261 1180 2347 philosophia
1214 2265 1276 2330 ele·

335 2378 510 2461 muneram
530 2377 693 2461 magisque
714 2376 939 2462 philosopham
961 2378 1034 2444 tulit
1048 2426 1059 2459 ,
1071 2380 1104 2447 iu
1117 2365 1180 2446 'sua
1203 2381 1284 2464 ipse

333 2473 455 2579 'scripta
480 2493 674 2576 suscepisset
696 2493 755 2557 (a).
788 2492 916 2570 Dicitur
935 2494 1038 2577 adeo,
1068 2513 1126 2562 nec
1159 2510 1276 2565 temere

335 2614 505 2701 profecto,
533 2630 606 2678 cum
640 2612 791 2678 Politian
830 2613 1002 2697 scriberet,
1035 2632 1054 2682 e
1085 2617 1274 2700 Protagorae

334 2730 459 2801 Poena
495 2730 629 2794 multum
658 2726 834 2810 profecisse
860 2727 919 2795 (a).
976 2731 1041 2802 sod
1072 2732 1133 2796 hoc
1166 2733 1271 2815 ipsum

334 2845 488 2934 principis
518 2843 682 2926 sophistae
712 2842 861 2933 placitum
888 2845 1010 2924 aanor
1030 2850 1198 2932 graphius
1218 2853 1273 2932 pl·

335 2990 402 3052 epm
433 2962 508 3035 eluat
522 2964 705 3047 *impuram
735 2962 764 3026 sl
793 2959 885 3026 futile
908 2978 1108 3046 prorsusque
1132 2965 1272 3050 rejicien-

336 3083 411 3150 dam
441 3093 608 3167 putasset,
629 3078 757 3144 nonita
777 3077 943 3162 diligenter
964 3098 1021 3148 nec
1053 3086 1138 3148 tanta
1158 3083 1273 3166 proha.

333 3200 464 3268 bilitatis
501 3197 606 3285 specie
641 3194 736 3262 nobis
765 3201 1000 3281 proposuisset.
1057 3197 1208 3281 Scilicet,
1236 3215 1273 3273 ut

335 3317 505 3398 Socrates,
527 3316 570 3380 ita
596 3330 760 3396 &manus
790 3314 930 3381 Socratis
958 3313 1132 3401 discipulus
1155 3316 1270 3398 Plato,

1226 3453 1272 3501 lc·

366 3641 625 3715 (r)1¹roiag.525·
650 3647 678 3695 el
697 3643 776 3697 ὄρθ’
804 3644 852 3712 ’(ι)
872 3642 942 3698 aod.
960 3646 1019 3702 διο.
1044 3650 1080 3705 c.
1098 3673 1116 3692 .
1145 3649 1205 3706 322,
1230 3649 1269 3714 D,

307 3822 310 3827 ⁴
328 3739 371 3805 Ν.
388 3744 484 3817 lnipp.
503 3741 648 3814 praecipua
668 3750 756 3795 aulem
766 3743 869 3796 Bkrerr
884 3743 1031 3813 disputatio
1049 3750 1079 3800 r'n
1094 3750 1272 3822 Protagorae

329 3846 408 3912 apud
438 3843 590 3897 Platonem
610 3843 748 3914 sabulum
780 3842 813 3896 da
840 3845 1026 3911 Prometheo,
1055 3845 1134 3917 Traj.
1157 3848 1190 3900 ad
1216 3846 1269 3902 Rh.

330 3944 410 4008 ὡς.
457 3943 503 4013 ’(5)
524 3940 560 3996 V.
578 3941 660 4011 Diog.
689 3942 782 4001 aare
807 3943 865 3998 111.
897 3941 927 3998 S.
955 3945 996 4018 57.
1025 3962 1053 4015 p.
1082 3949 1141 4015 ¹⁸5·
1169 3948 1214 4011 ci.
1231 3947 1270 4011 il.

329 4057 358 4123 a·
375 4041 435 4125 aa·
