2896 5168
505 508 735 583 ‚⁶¹09-

178 681 263 766 Quid
288 695 411 762 autem,
435 677 489 745 ubl
510 679 581 763 quis
604 678 715 765 injurll
736 696 769 742 se
788 655 904 745 allicere
927 676 1019 744 alium
1042 694 1100 760 pu·

176 813 240 881 tat,
262 817 366 865 nonne
397 797 447 878 is,
470 816 535 879 qno
561 797 740 878 generosior
763 811 830 876 est,
853 794 1019 874 eominus
1041 793 1100 857 ira·

174 916 297 997 scitur,
330 915 396 981 sive
418 915 531 981 esuriat
559 914 627 981 sive
647 915 744 997 algeat
766 912 833 978 sive
859 911 942 977 aliud
965 908 1101 993 quodvis

173 1034 234 1098 tale
262 1033 396 1114 patiatur
425 1031 462 1096 ab
496 1050 559 1111 eo,
591 1049 683 1113 quem
710 1032 779 1113 jure
809 1028 858 1093 his
882 1011 952 1094 sese
981 1025 1101 1092 afficere

173 1149 350 1227 existimat,
380 1147 590 1229 omninoque,
621 1164 685 1210 non
716 1144 901 1211 excitabitur
928 1141 1020 1209 istius
1047 1143 1103 1207 ad·

172 1282 282 1329 versus
300 1264 386 1330 illum
403 1264 473 1330 ira?
494 1301 538 1315 -
558 1264 640 1330 Vera
658 1263 808 1345 loqueris.
830 1298 875 1313 -
896 1260 983 1348 Quid
1003 1277 1097 1342 vero,

172 1380 226 1445 ubi
256 1380 366 1466 injuria
398 1399 432 1446 se
461 1379 539 1446 affici
576 1380 614 1445 ab
651 1381 712 1445 alio
744 1395 858 1462 putat,
888 1396 991 1444 nonne
1021 1392 1096 1442 tunc

80 1500 84 1505 '
171 1493 345 1562 effervescit
362 1496 528 1578 ipsiusirn
546 1516 580 1560 ac
603 1495 699 1561 saevit
724 1511 818 1575 atque
838 1486 986 1560 auxilium
1009 1512 1096 1577 prae·

170 1629 256 1678 stans
283 1613 361 1697 justi
389 1612 516 1691 studio,
548 1610 722 1693 famemque
750 1626 781 1675 et
804 1607 903 1694 frigus
927 1627 957 1676 et
978 1623 1096 1677 caetera
1139 1691 1145 1706 ι

168 1728 241 1792 talia
266 1729 436 1809 perdurans
466 1727 505 1792 ad
534 1726 696 1792 victoriam
727 1726 906 1792 contendit:
955 1744 1096 1808 nequeat
1134 1712 1141 1729 '

169 1860 322 1922 generoso
344 1842 450 1908 labore
476 1857 577 1909 cessat
598 1843 706 1926 prius,
741 1862 833 1925 quam
857 1845 906 1909 vel
930 1840 1094 1928 perfecerit

167 1978 256 2040 rem,
286 1960 335 2023 vel
355 1956 490 2038 obierit,
520 1960 592 2040 vel,
615 1972 768 2039 tamquam
790 1956 874 2023 canis
900 1978 918 2024 a
944 1972 1091 2041 pastore,

163 2075 210 2140 sic
238 2094 255 2139 a
284 2073 403 2140 ratione
432 2073 494 2158 ipsi
516 2075 644 2158 propria
671 2088 835 2140 revocatus
863 2069 1030 2142 rnitescatl
1046 2114 1091 2130 -

162 2191 217 2258 Sic
237 2191 366 2256 omnino
395 2209 430 2256 se
456 2208 511 2257 res·
531 2191 636 2256 habet.
658 2225 703 2242 -
745 2192 806 2258 Est
828 2190 923 2275 igitur
951 2190 1036 2257 allud
1054 2196 1090 2262 τό
1126 2253 1133 2279 ,

164 2314 326 2392 laurealis,
355 2309 438 2375 alind
457 2313 492 2379 τὸ
512 2313 730 2393 ἐπιθυμητικὸν.
794 2309 955 2376 Diversum
985 2323 1088 2375 autem

164 2426 238 2490 iram
265 2426 422 2491 aratione
449 2445 537 2505 esse,
559 2426 649 2490 facile
669 2426 761 2493 nobis
785 2441 897 2507 pateat.
953 2425 1033 2491 Nam
1055 2424 1087 2490 in

164 2544 268 2623 pneris
292 2543 396 2623 quivis
418 2543 502 2608 istud
524 2542 696 2626 intelligat,
728 2543 929 2623 quistatim,
961 2557 997 2607 ut
1024 2530 1092 2608 nati

162 2675 258 2740 sunt,
280 2661 420 2735 inlisum
441 2658 548 2742 pleni3
592 2658 721 2722 rationis
747 2673 848 2723 autent
869 2658 1013 2723 nonnulli
1033 2676 1088 2723 eo·

161 2797 228 2842 rum
265 2795 445 2857 nunquam,
488 2774 629 2856 plerique
659 2793 729 2838 sero
757 2774 878 2838 demum
918 2772 1085 2856 participes

161 2896 252 2961 liunt.
271 2876 320 2946 ’-
341 2895 398 2958 Per
412 2891 545 2976 jovem,
568 2892 720 2972 praeclare
737 2887 897 2967 loqueris:
925 2890 979 2955 sed
996 2909 1085 2971 prae·
1187 2972 1191 2979 Ι

161 3026 241 3075 terea
269 3011 299 3073 in
321 3007 395 3073 ieris
416 3006 600 3071 animalibus
623 3003 701 3069 idem
732 3001 804 3084 quis
825 3002 948 3069 videat:
991 3018 1084 3071 testr-
1131 2982 1141 2992 ³

158 3142 209 3190 tur
229 3140 261 3190 et
284 3122 411 3188 Homeri
433 3122 509 3185 illud
540 3121 578 3185 de
599 3120 740 3202 Ulysset

250 3311 358 3379 zriilre
376 3307 409 3370 δὲ
426 3303 561 3414 filiae,
584 3305 697 3382 κραδίην
716 3306 836 3373 nixum
855 3310 945 3389 ullu..

157 3471 219 3537 Hic
245 3470 325 3537 eninr
349 3485 452 3554 aperte
473 3469 630 3536 Homerus
658 3470 745 3536 alteri
767 3454 882 3536 horum⁸
905 3489 1080 3554 repugnans

154 3586 283 3654 alterurn
309 3584 403 3668 fecit,
425 3586 493 3668 illi,
516 3588 602 3669 quod
629 3589 668 3652 de
691 3587 819 3654 mellore
843 3606 878 3652 ac
902 3590 1008 3672 pejore
1035 3612 1081 3656 ra·

155 3706 345 3785 tiocinatur,
367 3703 419 3783 id,
443 3704 529 3784 quud
549 3701 618 3769 sine
638 3704 755 3770 ratione
775 3702 1007 3774 irascitur-”Ul

1020 3937 1079 4005 ce·-

188 4081 228 4149 (ι)
250 4083 374 4150 uenis.
392 4078 536 4150 tvans
557 4079 727 4157 -Μ,
