<?xml version="1.0" encoding="UTF-8"?>
<!DOCTYPE html PUBLIC "-//W3C//DTD XHTML 1.0 Transitional//EN"
    "http://www.w3.org/TR/xhtml1/DTD/xhtml1-transitional.dtd">
<html xmlns="http://www.w3.org/1999/xhtml" xml:lang="en" lang="en">
 <head>
  <title>
</title>
<meta http-equiv="Content-Type" content="text/html;charset=utf-8" />
  <meta name='ocr-system' content='tesseract 3.04.00' />
  <meta name='ocr-capabilities' content='ocr_page ocr_carea ocr_par ocr_line ocrx_word'/>
</head>
<body>
  <div class='ocr_page' id='page_1' title='image "./initiaphilosoph04heusgoog_0180.png"; bbox 0 0 2896 5168; ppageno 0'>
   <div class='ocr_carea' id='block_1_1' title="bbox 591 480 816 550">
    <p class='ocr_par' dir='ltr' id='par_1_1' title="bbox 591 480 816 550">
     <span class='ocr_line' id='line_1_1' title="bbox 591 480 816 550; baseline 0 -43"><span class='ocrx_word' id='word_1_1' title='bbox 591 480 816 550; x_wconf 47' lang='lat' dir='ltr'><strong>„W</strong></span> 
     </span>
    </p>
   </div>
   <div class='ocr_carea' id='block_1_2' title="bbox 195 650 1256 4209">
    <p class='ocr_par' dir='ltr' id='par_1_2' title="bbox 195 650 1256 4111">
     <span class='ocr_line' id='line_1_2' title="bbox 257 650 1188 735; baseline -0.003 -18"><span class='ocrx_word' id='word_1_2' title='bbox 257 652 347 735; x_wconf 87' lang='lat' dir='ltr'><strong>quod</strong></span> <span class='ocrx_word' id='word_1_3' title='bbox 370 651 612 733; x_wconf 78' lang='lat' dir='ltr'><strong>philosophiae,</strong></span> <span class='ocrx_word' id='word_1_4' title='bbox 634 669 726 730; x_wconf 89' lang='lat' dir='ltr'><strong>quam</strong></span> <span class='ocrx_word' id='word_1_5' title='bbox 755 650 901 728; x_wconf 86' lang='lat' dir='ltr'><strong>colebat,</strong></span> <span class='ocrx_word' id='word_1_6' title='bbox 925 667 1017 722; x_wconf 89' lang='lat' dir='ltr'><strong>ununr</strong></span> <span class='ocrx_word' id='word_1_7' title='bbox 1050 650 1188 715; x_wconf 88' lang='lat' dir='ltr'><strong>omnium</strong></span> 
     </span>
     <span class='ocr_line' id='line_1_3' title="bbox 258 763 1190 849; baseline -0.003 -15"><span class='ocrx_word' id='word_1_8' title='bbox 258 768 391 834; x_wconf 79' lang='lat' dir='ltr'>maxime</span> <span class='ocrx_word' id='word_1_9' title='bbox 419 763 637 833; x_wconf 84' lang='lat' dir='ltr'><strong>conveniebat.</strong></span> <span class='ocrx_word' id='word_1_10' title='bbox 681 766 790 847; x_wconf 88' lang='lat' dir='ltr'><strong>Pergat</strong></span> <span class='ocrx_word' id='word_1_11' title='bbox 820 764 914 847; x_wconf 90' lang='lat' dir='ltr'><strong>igitur</strong></span> <span class='ocrx_word' id='word_1_12' title='bbox 936 765 1081 849; x_wconf 87' lang='lat' dir='ltr'>deinceps</span> <span class='ocrx_word' id='word_1_13' title='bbox 1106 767 1190 848; x_wconf 91' lang='lat' dir='ltr'><strong>apud</strong></span> 
     </span>
     <span class='ocr_line' id='line_1_4' title="bbox 255 881 1190 964; baseline -0.003 -15"><span class='ocrx_word' id='word_1_14' title='bbox 255 903 325 950; x_wconf 85' lang='lat' dir='ltr'><strong>eum</strong></span> <span class='ocrx_word' id='word_1_15' title='bbox 344 885 376 951; x_wconf 87' lang='lat' dir='ltr'><strong>in</strong></span> <span class='ocrx_word' id='word_1_16' title='bbox 400 885 483 948; x_wconf 87' lang='lat' dir='ltr'><strong>lrunc</strong></span> <span class='ocrx_word' id='word_1_17' title='bbox 501 884 626 947; x_wconf 90' lang='lat' dir='ltr'><strong>modum</strong></span> <span class='ocrx_word' id='word_1_18' title='bbox 649 883 804 949; x_wconf 82' lang='lat' dir='ltr'><strong>Socrates.</strong></span> <span class='ocrx_word' id='word_1_19' title='bbox 851 881 1000 963; x_wconf 87' lang='lat' dir='ltr'><strong>Siquis,</strong></span> <span class='ocrx_word' id='word_1_20' title='bbox 1023 882 1086 964; x_wconf 92' lang='lat' dir='ltr'><strong>ait,</strong></span> <span class='ocrx_word' id='word_1_21' title='bbox 1110 900 1190 963; x_wconf 91' lang='lat' dir='ltr'><strong>quae</strong></span> 
     </span>
     <span class='ocr_line' id='line_1_5' title="bbox 255 996 1189 1081; baseline 0 -15"><span class='ocrx_word' id='word_1_22' title='bbox 255 999 409 1078; x_wconf 78' lang='lat' dir='ltr'><strong>diximus,</strong></span> <span class='ocrx_word' id='word_1_23' title='bbox 428 999 644 1081; x_wconf 78' lang='lat' dir='ltr'><strong>reprehendit,</strong></span> <span class='ocrx_word' id='word_1_24' title='bbox 666 999 784 1080; x_wconf 82' lang='lat' dir='ltr'><strong>placide</strong></span> <span class='ocrx_word' id='word_1_25' title='bbox 801 996 883 1080; x_wconf 89' lang='lat' dir='ltr'><strong>ipsi,</strong></span> <span class='ocrx_word' id='word_1_26' title='bbox 905 1016 970 1063; x_wconf 88' lang='lat' dir='ltr'><strong>non</strong></span> <span class='ocrx_word' id='word_1_27' title='bbox 986 998 1189 1066; x_wconf 89' lang='lat' dir='ltr'><strong>enimlubens</strong></span> 
     </span>
     <span class='ocr_line' id='line_1_6' title="bbox 255 1113 1188 1200; baseline -0.002 -18"><span class='ocrx_word' id='word_1_28' title='bbox 255 1132 384 1200; x_wconf 85' lang='lat' dir='ltr'><strong>peccat,</strong></span> <span class='ocrx_word' id='word_1_29' title='bbox 416 1117 678 1199; x_wconf 78' lang='lat' dir='ltr'><strong>persuadeamus,</strong></span> <span class='ocrx_word' id='word_1_30' title='bbox 707 1114 753 1178; x_wconf 89' lang='lat' dir='ltr'><strong>sic</strong></span> <span class='ocrx_word' id='word_1_31' title='bbox 783 1113 1029 1197; x_wconf 81' lang='lat' dir='ltr'><strong>interrogantes:</strong></span> <span class='ocrx_word' id='word_1_32' title='bbox 1060 1133 1188 1194; x_wconf 89' lang='lat' dir='ltr'><strong>nonne,</strong></span> 
     </span>
     <span class='ocr_line' id='line_1_7' title="bbox 254 1230 1189 1315; baseline -0.006 -15"><span class='ocrx_word' id='word_1_33' title='bbox 254 1255 277 1300; x_wconf 89' lang='lat' dir='ltr'><strong>o</strong></span> <span class='ocrx_word' id='word_1_34' title='bbox 299 1235 400 1315; x_wconf 86' lang='lat' dir='ltr'><strong>bone,</strong></span> <span class='ocrx_word' id='word_1_35' title='bbox 425 1249 456 1300; x_wconf 92' lang='lat' dir='ltr'><strong>et</strong></span> <span class='ocrx_word' id='word_1_36' title='bbox 476 1236 606 1299; x_wconf 86' lang='lat' dir='ltr'><strong>honesta</strong></span> <span class='ocrx_word' id='word_1_37' title='bbox 627 1233 707 1297; x_wconf 88' lang='lat' dir='ltr'><strong>vitae</strong></span> <span class='ocrx_word' id='word_1_38' title='bbox 725 1231 867 1296; x_wconf 86' lang='lat' dir='ltr'><strong>instituta</strong></span> <span class='ocrx_word' id='word_1_39' title='bbox 878 1245 909 1295; x_wconf 90' lang='lat' dir='ltr'><strong>et</strong></span> <span class='ocrx_word' id='word_1_40' title='bbox 921 1231 1042 1313; x_wconf 87' lang='lat' dir='ltr'><strong>turpia,</strong></span> <span class='ocrx_word' id='word_1_41' title='bbox 1065 1230 1189 1296; x_wconf 89' lang='lat' dir='ltr'><strong>obtalia</strong></span> 
     </span>
     <span class='ocr_line' id='line_1_8' title="bbox 255 1348 1185 1434; baseline -0.002 -18"><span class='ocrx_word' id='word_1_42' title='bbox 255 1352 407 1434; x_wconf 85' lang='lat' dir='ltr'><strong>quaedam</strong></span> <span class='ocrx_word' id='word_1_43' title='bbox 425 1369 493 1417; x_wconf 86' lang='lat' dir='ltr'><strong>esse</strong></span> <span class='ocrx_word' id='word_1_44' title='bbox 512 1349 668 1415; x_wconf 69' lang='lat' dir='ltr'><strong>dicimus?</strong></span> <span class='ocrx_word' id='word_1_45' title='bbox 690 1350 840 1425; x_wconf 85' lang='lat' dir='ltr'><strong>honesta,</strong></span> <span class='ocrx_word' id='word_1_46' title='bbox 865 1348 1115 1430; x_wconf 87' lang='lat' dir='ltr'><strong>quandoquidem</strong></span> <span class='ocrx_word' id='word_1_47' title='bbox 1128 1349 1185 1414; x_wconf 91' lang='lat' dir='ltr'><strong>lro-</strong></span> 
     </span>
     <span class='ocr_line' id='line_1_9' title="bbox 255 1464 1188 1549; baseline -0.006 -16"><span class='ocrx_word' id='word_1_48' title='bbox 255 1468 348 1549; x_wconf 90' lang='lat' dir='ltr'><strong>mini,</strong></span> <span class='ocrx_word' id='word_1_49' title='bbox 364 1468 428 1534; x_wconf 93' lang='lat' dir='ltr'><strong>imo</strong></span> <span class='ocrx_word' id='word_1_50' title='bbox 439 1467 573 1544; x_wconf 80' lang='lat' dir='ltr'><strong>divino,</strong></span> <span class='ocrx_word' id='word_1_51' title='bbox 591 1465 678 1546; x_wconf 90' lang='lat' dir='ltr'><strong>quod</strong></span> <span class='ocrx_word' id='word_1_52' title='bbox 694 1465 774 1531; x_wconf 89' lang='lat' dir='ltr'><strong>inest</strong></span> <span class='ocrx_word' id='word_1_53' title='bbox 793 1466 934 1544; x_wconf 78' lang='lat' dir='ltr'><strong>honuni,</strong></span> <span class='ocrx_word' id='word_1_54' title='bbox 953 1464 1082 1529; x_wconf 86' lang='lat' dir='ltr'><strong>ferinam</strong></span> <span class='ocrx_word' id='word_1_55' title='bbox 1098 1478 1188 1529; x_wconf 89' lang='lat' dir='ltr'><strong>natu·</strong></span> 
     </span>
     <span class='ocr_line' id='line_1_10' title="bbox 254 1579 1186 1667; baseline -0.008 -17"><span class='ocrx_word' id='word_1_56' title='bbox 254 1603 317 1650; x_wconf 84' lang='lat' dir='ltr'><strong>ram</strong></span> <span class='ocrx_word' id='word_1_57' title='bbox 329 1583 516 1667; x_wconf 79' lang='lat' dir='ltr'><strong>subjiciente</strong></span> <span class='ocrx_word' id='word_1_58' title='bbox 539 1583 644 1662; x_wconf 88' lang='lat' dir='ltr'><strong>turpia</strong></span> <span class='ocrx_word' id='word_1_59' title='bbox 653 1595 753 1647; x_wconf 89' lang='lat' dir='ltr'><strong>autem</strong></span> <span class='ocrx_word' id='word_1_60' title='bbox 764 1626 775 1658; x_wconf 91' lang='lat'><strong>,</strong></span> <span class='ocrx_word' id='word_1_61' title='bbox 788 1581 876 1661; x_wconf 90' lang='lat' dir='ltr'><strong>quod</strong></span> <span class='ocrx_word' id='word_1_62' title='bbox 891 1579 1021 1661; x_wconf 85' lang='lat' dir='ltr'><strong>agresti,</strong></span> <span class='ocrx_word' id='word_1_63' title='bbox 1033 1580 1186 1660; x_wconf 87' lang='lat' dir='ltr'><strong>quodnu-</strong></span> 
     </span>
     <span class='ocr_line' id='line_1_11' title="bbox 253 1694 1186 1776; baseline -0.005 -12"><span class='ocrx_word' id='word_1_64' title='bbox 253 1700 304 1768; x_wconf 75' lang='lat' dir='ltr'><strong>sis</strong></span> <span class='ocrx_word' id='word_1_65' title='bbox 314 1710 576 1775; x_wconf 60' lang='lat' dir='ltr'><strong>astarumsuetum</strong></span> <span class='ocrx_word' id='word_1_66' title='bbox 588 1695 787 1776; x_wconf 78' lang='lat' dir='ltr'><strong>mancipanti</strong></span> <span class='ocrx_word' id='word_1_67' title='bbox 803 1695 1003 1774; x_wconf 87' lang='lat' dir='ltr'><strong>Consentiet,</strong></span> <span class='ocrx_word' id='word_1_68' title='bbox 1015 1694 1186 1760; x_wconf 75' lang='lat' dir='ltr'><strong>necne?-</strong></span> 
     </span>
     <span class='ocr_line' id='line_1_12' title="bbox 255 1809 1186 1895; baseline -0.001 -15"><span class='ocrx_word' id='word_1_69' title='bbox 255 1815 473 1895; x_wconf 85' lang='lat' dir='ltr'><strong>Consentiet,</strong></span> <span class='ocrx_word' id='word_1_70' title='bbox 492 1813 520 1877; x_wconf 91' lang='lat' dir='ltr'><strong>si</strong></span> <span class='ocrx_word' id='word_1_71' title='bbox 543 1812 616 1876; x_wconf 89' lang='lat' dir='ltr'><strong>mihi</strong></span> <span class='ocrx_word' id='word_1_72' title='bbox 638 1811 813 1877; x_wconf 83' lang='lat' dir='ltr'><strong>crediderit.</strong></span> <span class='ocrx_word' id='word_1_73' title='bbox 827 1848 872 1862; x_wconf 92' lang='lat'><em>-</em></span> <span class='ocrx_word' id='word_1_74' title='bbox 902 1811 1002 1877; x_wconf 87' lang='lat' dir='ltr'><strong>Estne</strong></span> <span class='ocrx_word' id='word_1_75' title='bbox 1021 1809 1113 1892; x_wconf 90' lang='lat' dir='ltr'><strong>quis,</strong></span> <span class='ocrx_word' id='word_1_76' title='bbox 1133 1813 1186 1879; x_wconf 89' lang='lat' dir='ltr'><strong>cui</strong></span> 
     </span>
     <span class='ocr_line' id='line_1_13' title="bbox 253 1929 1185 2015; baseline -0.003 -19"><span class='ocrx_word' id='word_1_77' title='bbox 253 1931 356 2014; x_wconf 87' lang='lat' dir='ltr'><strong>prosit</strong></span> <span class='ocrx_word' id='word_1_78' title='bbox 371 1932 431 1997; x_wconf 80' lang='lat' dir='ltr'><strong>hac</strong></span> <span class='ocrx_word' id='word_1_79' title='bbox 444 1930 564 1997; x_wconf 88' lang='lat' dir='ltr'><strong>ratione</strong></span> <span class='ocrx_word' id='word_1_80' title='bbox 579 1930 695 2015; x_wconf 85' lang='lat' dir='ltr'><strong>injuste</strong></span> <span class='ocrx_word' id='word_1_81' title='bbox 714 1948 822 1995; x_wconf 89' lang='lat' dir='ltr'><strong>aurum</strong></span> <span class='ocrx_word' id='word_1_82' title='bbox 842 1929 999 2010; x_wconf 88' lang='lat' dir='ltr'><strong>accipere,</strong></span> <span class='ocrx_word' id='word_1_83' title='bbox 1022 1929 1049 1993; x_wconf 90' lang='lat' dir='ltr'><strong>sl</strong></span> <span class='ocrx_word' id='word_1_84' title='bbox 1061 1929 1185 2008; x_wconf 86' lang='lat' dir='ltr'><strong>quidem</strong></span> 
     </span>
     <span class='ocr_line' id='line_1_14' title="bbox 249 2043 1186 2133; baseline 0.001 -22"><span class='ocrx_word' id='word_1_85' title='bbox 249 2047 391 2131; x_wconf 67' lang='lat' dir='ltr'><strong>reccidit,</strong></span> <span class='ocrx_word' id='word_1_86' title='bbox 415 2061 472 2126; x_wconf 89' lang='lat' dir='ltr'><strong>ut,</strong></span> <span class='ocrx_word' id='word_1_87' title='bbox 505 2067 577 2111; x_wconf 87' lang='lat' dir='ltr'><strong>curn</strong></span> <span class='ocrx_word' id='word_1_88' title='bbox 597 2047 712 2128; x_wconf 86' lang='lat' dir='ltr'><strong>accipit</strong></span> <span class='ocrx_word' id='word_1_89' title='bbox 729 2043 864 2128; x_wconf 88' lang='lat' dir='ltr'><strong>aurum,</strong></span> <span class='ocrx_word' id='word_1_90' title='bbox 895 2046 1186 2133; x_wconf 86' lang='lat' dir='ltr'><strong>praestantissimam</strong></span> 
     </span>
     <span class='ocr_line' id='line_1_15' title="bbox 251 2156 1188 2247; baseline -0.002 -18"><span class='ocrx_word' id='word_1_91' title='bbox 251 2166 302 2229; x_wconf 91' lang='lat' dir='ltr'><strong>sui</strong></span> <span class='ocrx_word' id='word_1_92' title='bbox 316 2178 432 2247; x_wconf 89' lang='lat' dir='ltr'><strong>partem</strong></span> <span class='ocrx_word' id='word_1_93' title='bbox 451 2156 952 2246; x_wconf 72' lang='lat' dir='ltr'><strong>ignobilissimaeservirecogat?</strong></span> <span class='ocrx_word' id='word_1_94' title='bbox 973 2164 1075 2243; x_wconf 85' lang='lat' dir='ltr'><strong>Sane,</strong></span> <span class='ocrx_word' id='word_1_95' title='bbox 1096 2163 1123 2229; x_wconf 91' lang='lat' dir='ltr'><strong>si</strong></span> <span class='ocrx_word' id='word_1_96' title='bbox 1136 2182 1188 2228; x_wconf 89' lang='lat' dir='ltr'><strong>ac·</strong></span> 
     </span>
     <span class='ocr_line' id='line_1_16' title="bbox 251 2278 1185 2362; baseline 0 -18"><span class='ocrx_word' id='word_1_97' title='bbox 251 2279 371 2362; x_wconf 83' lang='lat' dir='ltr'><strong>cipiens</strong></span> <span class='ocrx_word' id='word_1_98' title='bbox 390 2299 519 2358; x_wconf 86' lang='lat' dir='ltr'><strong>aurum,</strong></span> <span class='ocrx_word' id='word_1_99' title='bbox 539 2279 635 2347; x_wconf 86' lang='lat' dir='ltr'><strong>filium</strong></span> <span class='ocrx_word' id='word_1_100' title='bbox 647 2298 737 2346; x_wconf 90' lang='lat' dir='ltr'><strong>suum</strong></span> <span class='ocrx_word' id='word_1_101' title='bbox 749 2282 799 2345; x_wconf 88' lang='lat' dir='ltr'><strong>vel</strong></span> <span class='ocrx_word' id='word_1_102' title='bbox 813 2278 905 2346; x_wconf 87' lang='lat' dir='ltr'><strong>filiam</strong></span> <span class='ocrx_word' id='word_1_103' title='bbox 923 2279 1110 2362; x_wconf 86' lang='lat' dir='ltr'><strong>mancipium</strong></span> <span class='ocrx_word' id='word_1_104' title='bbox 1121 2279 1185 2344; x_wconf 89' lang='lat' dir='ltr'><strong>effi·</strong></span> 
     </span>
     <span class='ocr_line' id='line_1_17' title="bbox 250 2396 1186 2481; baseline -0.003 -17"><span class='ocrx_word' id='word_1_105' title='bbox 250 2412 335 2464; x_wconf 78' lang='lat' dir='ltr'><strong>cerea</strong></span> <span class='ocrx_word' id='word_1_106' title='bbox 354 2396 520 2481; x_wconf 84' lang='lat' dir='ltr'><strong>agrestium</strong></span> <span class='ocrx_word' id='word_1_107' title='bbox 544 2412 574 2461; x_wconf 91' lang='lat' dir='ltr'><strong>et</strong></span> <span class='ocrx_word' id='word_1_108' title='bbox 592 2397 806 2479; x_wconf 88' lang='lat' dir='ltr'><strong>improborum</strong></span> <span class='ocrx_word' id='word_1_109' title='bbox 827 2397 1006 2479; x_wconf 85' lang='lat' dir='ltr'><strong>hominum,</strong></span> <span class='ocrx_word' id='word_1_110' title='bbox 1028 2397 1186 2479; x_wconf 85' lang='lat' dir='ltr'><strong>haudqua-</strong></span> 
     </span>
     <span class='ocr_line' id='line_1_18' title="bbox 252 2512 1185 2605; baseline -0.003 -28"><span class='ocrx_word' id='word_1_111' title='bbox 252 2533 344 2594; x_wconf 89' lang='lat' dir='ltr'><strong>quam</strong></span> <span class='ocrx_word' id='word_1_112' title='bbox 357 2512 513 2605; x_wconf 79' lang='lat' dir='ltr'><strong>aceepisse</strong></span> <span class='ocrx_word' id='word_1_113' title='bbox 523 2515 712 2593; x_wconf 89' lang='lat' dir='ltr'><strong>prodesset,</strong></span> <span class='ocrx_word' id='word_1_114' title='bbox 737 2512 855 2576; x_wconf 88' lang='lat' dir='ltr'><strong>etiamsi</strong></span> <span class='ocrx_word' id='word_1_115' title='bbox 874 2514 950 2577; x_wconf 86' lang='lat' dir='ltr'><strong>adeo</strong></span> <span class='ocrx_word' id='word_1_116' title='bbox 974 2531 1064 2587; x_wconf 77' lang='lat' dir='ltr'><strong>quam</strong></span> <span class='ocrx_word' id='word_1_117' title='bbox 1087 2513 1185 2594; x_wconf 88' lang='lat' dir='ltr'><strong>piuti-</strong></span> 
     </span>
     <span class='ocr_line' id='line_1_19' title="bbox 251 2627 1182 2709; baseline -0.001 -15"><span class='ocrx_word' id='word_1_118' title='bbox 251 2648 336 2695; x_wconf 91' lang='lat' dir='ltr'><strong>mum</strong></span> <span class='ocrx_word' id='word_1_119' title='bbox 356 2644 439 2694; x_wconf 86' lang='lat' dir='ltr'><strong>esset</strong></span> <span class='ocrx_word' id='word_1_120' title='bbox 458 2645 591 2709; x_wconf 84' lang='lat' dir='ltr'><strong>nactus3</strong></span> <span class='ocrx_word' id='word_1_121' title='bbox 614 2629 664 2693; x_wconf 90' lang='lat' dir='ltr'><strong>sin</strong></span> <span class='ocrx_word' id='word_1_122' title='bbox 682 2646 756 2692; x_wconf 89' lang='lat' dir='ltr'><strong>vero</strong></span> <span class='ocrx_word' id='word_1_123' title='bbox 769 2645 884 2708; x_wconf 87' lang='lat' dir='ltr'><strong>partem</strong></span> <span class='ocrx_word' id='word_1_124' title='bbox 898 2629 947 2691; x_wconf 89' lang='lat' dir='ltr'><strong>sui</strong></span> <span class='ocrx_word' id='word_1_125' title='bbox 958 2627 1182 2695; x_wconf 77' lang='lat' dir='ltr'><strong>divinissimam</strong></span> 
     </span>
     <span class='ocr_line' id='line_1_20' title="bbox 195 2743 1183 2828; baseline -0.004 -16"><span class='ocrx_word' id='word_1_126' title='bbox 195 2749 198 2753; x_wconf 71' lang='grc'>’</span> <span class='ocrx_word' id='word_1_127' title='bbox 250 2745 331 2828; x_wconf 89' lang='lat' dir='ltr'><strong>parti</strong></span> <span class='ocrx_word' id='word_1_128' title='bbox 357 2746 592 2828; x_wconf 85' lang='lat' dir='ltr'><strong>profanissimae</strong></span> <span class='ocrx_word' id='word_1_129' title='bbox 613 2743 913 2826; x_wconf 85' lang='lat' dir='ltr'><strong>scelestissimaeque</strong></span> <span class='ocrx_word' id='word_1_130' title='bbox 935 2747 1051 2810; x_wconf 90' lang='lat' dir='ltr'><strong>seruire</strong></span> <span class='ocrx_word' id='word_1_131' title='bbox 1073 2746 1183 2827; x_wconf 91' lang='lat' dir='ltr'><strong>cogit,</strong></span> 
     </span>
     <span class='ocr_line' id='line_1_21' title="bbox 249 2860 1182 2944; baseline 0 -19"><span class='ocrx_word' id='word_1_132' title='bbox 249 2878 357 2926; x_wconf 87' lang='lat' dir='ltr'><strong>nonne</strong></span> <span class='ocrx_word' id='word_1_133' title='bbox 371 2860 469 2927; x_wconf 87' lang='lat' dir='ltr'><strong>miser</strong></span> <span class='ocrx_word' id='word_1_134' title='bbox 492 2862 518 2924; x_wconf 92' lang='lat' dir='ltr'><strong>is</strong></span> <span class='ocrx_word' id='word_1_135' title='bbox 543 2860 599 2925; x_wconf 87' lang='lat' dir='ltr'><strong>erit</strong></span> <span class='ocrx_word' id='word_1_136' title='bbox 612 2905 630 2937; x_wconf 46' lang='lat' dir='ltr'><strong>,t</strong></span> <span class='ocrx_word' id='word_1_137' title='bbox 657 2862 822 2942; x_wconf 87' lang='lat' dir='ltr'><strong>multoque</strong></span> <span class='ocrx_word' id='word_1_138' title='bbox 850 2862 958 2944; x_wconf 86' lang='lat' dir='ltr'><strong>majori</strong></span> <span class='ocrx_word' id='word_1_139' title='bbox 986 2863 1097 2926; x_wconf 89' lang='lat' dir='ltr'><strong>damno</strong></span> <span class='ocrx_word' id='word_1_140' title='bbox 1123 2882 1182 2928; x_wconf 91' lang='lat' dir='ltr'><strong>suo</strong></span> 
     </span>
     <span class='ocr_line' id='line_1_22' title="bbox 250 2972 1185 3064; baseline 0.003 -22"><span class='ocrx_word' id='word_1_141' title='bbox 250 2975 317 3042; x_wconf 89' lang='lat' dir='ltr'><strong>auri</strong></span> <span class='ocrx_word' id='word_1_142' title='bbox 337 2975 517 3041; x_wconf 86' lang='lat' dir='ltr'><strong>muneribus</strong></span> <span class='ocrx_word' id='word_1_143' title='bbox 539 2972 727 3058; x_wconf 84' lang='lat' dir='ltr'><strong>corruptus,</strong></span> <span class='ocrx_word' id='word_1_144' title='bbox 763 2997 854 3058; x_wconf 89' lang='lat' dir='ltr'><strong>quarn</strong></span> <span class='ocrx_word' id='word_1_145' title='bbox 874 2978 1050 3061; x_wconf 86' lang='lat' dir='ltr'><strong>Eriphyle,</strong></span> <span class='ocrx_word' id='word_1_146' title='bbox 1079 2999 1185 3064; x_wconf 84' lang='lat' dir='ltr'><strong>quae,</strong></span> 
     </span>
     <span class='ocr_line' id='line_1_23' title="bbox 253 3091 1183 3183; baseline 0.005 -26"><span class='ocrx_word' id='word_1_147' title='bbox 253 3104 288 3158; x_wconf 91' lang='lat' dir='ltr'><strong>ut</strong></span> <span class='ocrx_word' id='word_1_148' title='bbox 302 3091 431 3155; x_wconf 85' lang='lat' dir='ltr'><strong>salutem</strong></span> <span class='ocrx_word' id='word_1_149' title='bbox 450 3091 550 3155; x_wconf 89' lang='lat' dir='ltr'><strong>mariti</strong></span> <span class='ocrx_word' id='word_1_150' title='bbox 568 3093 732 3173; x_wconf 89' lang='lat' dir='ltr'><strong>proderet,</strong></span> <span class='ocrx_word' id='word_1_151' title='bbox 755 3093 870 3183; x_wconf 85' lang='lat' dir='ltr'><strong>monile</strong></span> <span class='ocrx_word' id='word_1_152' title='bbox 887 3094 964 3159; x_wconf 91' lang='lat' dir='ltr'><strong>illud</strong></span> <span class='ocrx_word' id='word_1_153' title='bbox 982 3096 1127 3177; x_wconf 80' lang='lat' dir='ltr'><strong>accepit?</strong></span> <span class='ocrx_word' id='word_1_154' title='bbox 1140 3137 1183 3149; x_wconf 94' lang='lat'><em>-</em></span> 
     </span>
     <span class='ocr_line' id='line_1_24' title="bbox 255 3206 1183 3295; baseline 0.004 -20"><span class='ocrx_word' id='word_1_155' title='bbox 255 3206 368 3289; x_wconf 87' lang='lat' dir='ltr'><strong>Longe</strong></span> <span class='ocrx_word' id='word_1_156' title='bbox 393 3224 466 3272; x_wconf 86' lang='lat' dir='ltr'><strong>sane</strong></span> <span class='ocrx_word' id='word_1_157' title='bbox 499 3209 635 3290; x_wconf 86' lang='lat' dir='ltr'><strong>majore,</strong></span> <span class='ocrx_word' id='word_1_158' title='bbox 660 3225 695 3274; x_wconf 91' lang='lat' dir='ltr'><strong>ut</strong></span> <span class='ocrx_word' id='word_1_159' title='bbox 713 3229 771 3293; x_wconf 87' lang='lat' dir='ltr'><strong>ego</strong></span> <span class='ocrx_word' id='word_1_160' title='bbox 787 3211 845 3275; x_wconf 88' lang='lat' dir='ltr'><strong>tibi</strong></span> <span class='ocrx_word' id='word_1_161' title='bbox 866 3231 923 3294; x_wconf 92' lang='lat' dir='ltr'><strong>pro</strong></span> <span class='ocrx_word' id='word_1_162' title='bbox 940 3212 995 3277; x_wconf 93' lang='lat' dir='ltr'><strong>illo</strong></span> <span class='ocrx_word' id='word_1_163' title='bbox 1015 3215 1183 3295; x_wconf 89' lang='lat' dir='ltr'><strong>responde·</strong></span> 
     </span>
     <span class='ocr_line' id='line_1_25' title="bbox 253 3325 1182 3413; baseline 0.009 -26"><span class='ocrx_word' id='word_1_164' title='bbox 253 3342 317 3388; x_wconf 84' lang='lat' dir='ltr'><strong>am.</strong></span> <span class='ocrx_word' id='word_1_165' title='bbox 338 3358 384 3376; x_wconf 91' lang='lat'>-</span> <span class='ocrx_word' id='word_1_166' title='bbox 404 3325 521 3390; x_wconf 91' lang='lat' dir='ltr'><strong>Nonne</strong></span> <span class='ocrx_word' id='word_1_167' title='bbox 538 3326 773 3408; x_wconf 87' lang='lat' dir='ltr'><strong>intemperantia</strong></span> <span class='ocrx_word' id='word_1_168' title='bbox 795 3343 957 3412; x_wconf 87' lang='lat' dir='ltr'><strong>propterea</strong></span> <span class='ocrx_word' id='word_1_169' title='bbox 980 3329 1044 3394; x_wconf 87' lang='lat' dir='ltr'><strong>fere</strong></span> <span class='ocrx_word' id='word_1_170' title='bbox 1060 3333 1182 3413; x_wconf 88' lang='lat' dir='ltr'><strong>culpata</strong></span> 
     </span>
     <span class='ocr_line' id='line_1_26' title="bbox 252 3441 1182 3529; baseline 0.013 -25"><span class='ocrx_word' id='word_1_171' title='bbox 252 3455 325 3519; x_wconf 89' lang='lat' dir='ltr'><strong>est,</strong></span> <span class='ocrx_word' id='word_1_172' title='bbox 357 3441 505 3520; x_wconf 84' lang='lat' dir='ltr'><strong>quoniam</strong></span> <span class='ocrx_word' id='word_1_173' title='bbox 526 3443 557 3507; x_wconf 86' lang='lat' dir='ltr'><strong>in</strong></span> <span class='ocrx_word' id='word_1_174' title='bbox 580 3448 613 3508; x_wconf 81' lang='lat' dir='ltr'><strong>ea</strong></span> <span class='ocrx_word' id='word_1_175' title='bbox 635 3450 669 3513; x_wconf 76' lang='grc' dir='ltr'><strong>τὸ</strong></span> <span class='ocrx_word' id='word_1_176' title='bbox 688 3449 776 3514; x_wconf 77' lang='grc' dir='ltr'><strong><em>δεινὸν</em></strong></span> <span class='ocrx_word' id='word_1_177' title='bbox 794 3449 844 3513; x_wconf 80' lang='lat' dir='ltr'><strong>tal</strong></span> <span class='ocrx_word' id='word_1_178' title='bbox 866 3452 900 3516; x_wconf 79' lang='lat' dir='ltr'><strong>al</strong></span> <span class='ocrx_word' id='word_1_179' title='bbox 918 3451 1003 3529; x_wconf 70' lang='grc' dir='ltr'><strong>μέγα</strong></span> <span class='ocrx_word' id='word_1_180' title='bbox 1025 3452 1115 3517; x_wconf 80' lang='grc' dir='ltr'><strong><em>ἐκεῖνο</em></strong></span> <span class='ocrx_word' id='word_1_181' title='bbox 1131 3454 1182 3516; x_wconf 78' lang='lat' dir='ltr'><strong>tal</strong></span> 
     </span>
     <span class='ocr_line' id='line_1_27' title="bbox 251 3554 1256 3644; baseline 0 -15"><span class='ocrx_word' id='word_1_182' title='bbox 251 3554 404 3634; x_wconf 64' lang='grc' dir='ltr'><strong>πολυειδὲς</strong></span> <span class='ocrx_word' id='word_1_183' title='bbox 426 3563 542 3642; x_wconf 61' lang='lat' dir='ltr'><strong>agappa</strong></span> <span class='ocrx_word' id='word_1_184' title='bbox 563 3564 640 3644; x_wconf 71' lang='lat' dir='ltr'><strong>talpa</strong></span> <span class='ocrx_word' id='word_1_185' title='bbox 661 3569 712 3629; x_wconf 73' lang='grc' dir='ltr'><strong>τοῦ</strong></span> <span class='ocrx_word' id='word_1_186' title='bbox 736 3567 846 3637; x_wconf 76' lang='grc' dir='ltr'><em>δέοντος</em></span> <span class='ocrx_word' id='word_1_187' title='bbox 866 3567 998 3641; x_wconf 59' lang='lat' dir='ltr'><strong>alterae</strong></span> <span class='ocrx_word' id='word_1_188' title='bbox 1030 3563 1105 3629; x_wconf 83' lang='lat' dir='ltr'><strong>dira</strong></span> <span class='ocrx_word' id='word_1_189' title='bbox 1122 3565 1183 3629; x_wconf 86' lang='lat' dir='ltr'><strong>t‘lla</strong></span> <span class='ocrx_word' id='word_1_190' title='bbox 1253 3592 1256 3600; x_wconf 66' lang='lat'>¹</span> 
     </span>
     <span class='ocr_line' id='line_1_28' title="bbox 249 3675 1183 3765; baseline 0.005 -26"><span class='ocrx_word' id='word_1_191' title='bbox 249 3678 415 3760; x_wconf 76' lang='lat' dir='ltr'><strong>ingensque</strong></span> <span class='ocrx_word' id='word_1_192' title='bbox 430 3692 461 3739; x_wconf 80' lang='lat' dir='ltr'><strong>tt</strong></span> <span class='ocrx_word' id='word_1_193' title='bbox 478 3675 642 3761; x_wconf 77' lang='lat' dir='ltr'><strong>multiplea</strong></span> <span class='ocrx_word' id='word_1_194' title='bbox 659 3683 760 3760; x_wconf 80' lang='lat' dir='ltr'><strong>stra,</strong></span> <span class='ocrx_word' id='word_1_195' title='bbox 783 3679 872 3742; x_wconf 82' lang='lat' dir='ltr'><strong>ultra</strong></span> <span class='ocrx_word' id='word_1_196' title='bbox 892 3700 986 3765; x_wconf 84' lang='lat' dir='ltr'><strong>qaam</strong></span> <span class='ocrx_word' id='word_1_197' title='bbox 1006 3678 1110 3759; x_wconf 82' lang='lat' dir='ltr'><strong>decet,</strong></span> <span class='ocrx_word' id='word_1_198' title='bbox 1133 3700 1183 3745; x_wconf 78' lang='lat' dir='ltr'><strong>rt·</strong></span> 
     </span>
     <span class='ocr_line' id='line_1_29' title="bbox 253 3792 1183 3863; baseline 0.009 -8"><span class='ocrx_word' id='word_1_199' title='bbox 253 3797 423 3859; x_wconf 77' lang='lat' dir='ltr'><strong>mittitur?</strong></span> <span class='ocrx_word' id='word_1_200' title='bbox 466 3792 668 3857; x_wconf 90' lang='lat' dir='ltr'><strong>Contumacia</strong></span> <span class='ocrx_word' id='word_1_201' title='bbox 702 3809 802 3858; x_wconf 85' lang='lat' dir='ltr'><strong>autem</strong></span> <span class='ocrx_word' id='word_1_202' title='bbox 833 3810 864 3858; x_wconf 89' lang='lat' dir='ltr'><strong>et</strong></span> <span class='ocrx_word' id='word_1_203' title='bbox 892 3796 1057 3861; x_wconf 88' lang='lat' dir='ltr'><strong>insolentia</strong></span> <span class='ocrx_word' id='word_1_204' title='bbox 1077 3815 1183 3863; x_wconf 89' lang='lat' dir='ltr'><strong>nonne</strong></span> 
     </span>
     <span class='ocr_line' id='line_1_30' title="bbox 250 3907 1180 3991; baseline 0.016 -22"><span class='ocrx_word' id='word_1_205' title='bbox 250 3907 329 3971; x_wconf 88' lang='lat' dir='ltr'><strong>hane</strong></span> <span class='ocrx_word' id='word_1_206' title='bbox 346 3911 387 3972; x_wconf 82' lang='lat' dir='ltr'><strong>oli</strong></span> <span class='ocrx_word' id='word_1_207' title='bbox 407 3926 547 3972; x_wconf 89' lang='lat' dir='ltr'><strong>caussam</strong></span> <span class='ocrx_word' id='word_1_208' title='bbox 571 3908 784 3988; x_wconf 86' lang='lat' dir='ltr'><strong>improbatur,</strong></span> <span class='ocrx_word' id='word_1_209' title='bbox 807 3913 895 3991; x_wconf 90' lang='lat' dir='ltr'><strong>quod</strong></span> <span class='ocrx_word' id='word_1_210' title='bbox 915 3917 949 3980; x_wconf 81' lang='lat' dir='ltr'><strong>al</strong></span> <span class='ocrx_word' id='word_1_211' title='bbox 970 3918 1124 3990; x_wconf 69' lang='grc' dir='ltr'><strong><em>λεοντῶδές</em></strong></span> <span class='ocrx_word' id='word_1_212' title='bbox 1145 3942 1180 3985; x_wconf 80' lang='grc' dir='ltr'><strong>τε</strong></span> 
     </span>
     <span class='ocr_line' id='line_1_31' title="bbox 250 4023 1182 4111; baseline 0.01 -23"><span class='ocrx_word' id='word_1_213' title='bbox 250 4023 301 4088; x_wconf 86' lang='lat' dir='ltr'><strong>ttatl</strong></span> <span class='ocrx_word' id='word_1_214' title='bbox 326 4029 452 4106; x_wconf 74' lang='grc' dir='ltr'><strong>ὀφεῶδες</strong></span> <span class='ocrx_word' id='word_1_215' title='bbox 480 4027 607 4107; x_wconf 69' lang='grc' dir='ltr'><strong>αὔξηται</strong></span> <span class='ocrx_word' id='word_1_216' title='bbox 629 4027 679 4093; x_wconf 77' lang='grc' dir='ltr'><strong>καὶ</strong></span> <span class='ocrx_word' id='word_1_217' title='bbox 697 4029 882 4102; x_wconf 71' lang='grc' dir='ltr'><strong>συντείνηται</strong></span> <span class='ocrx_word' id='word_1_218' title='bbox 903 4031 1100 4111; x_wconf 47' lang='lat' dir='ltr'><strong>drupparum</strong></span> <span class='ocrx_word' id='word_1_219' title='bbox 1123 4031 1182 4097; x_wconf 83' lang='lat' dir='ltr'><strong>Ito·</strong></span> 
     </span>
    </p>

    <p class='ocr_par' dir='ltr' id='par_1_3' title="bbox 1129 4168 1179 4209">
     <span class='ocr_line' id='line_1_32' title="bbox 1129 4168 1179 4209; baseline 0 0"><span class='ocrx_word' id='word_1_220' title='bbox 1129 4168 1179 4209; x_wconf 78' lang='lat' dir='ltr'><strong>m·</strong></span> 
     </span>
    </p>
   </div>
   <div class='ocr_carea' id='block_1_3' title="bbox 0 0 1452 5168">
    <p class='ocr_par' dir='ltr' id='par_1_4' title="bbox 0 0 1452 5168">
     <span class='ocr_line' id='line_1_33' title="bbox 0 0 1452 5168; baseline 0 2"><span class='ocrx_word' id='word_1_221' title='bbox 0 0 1452 5168; x_wconf 95' lang='lat' dir='ltr'><strong> </strong></span> 
     </span>
    </p>
   </div>
  </div>
 </body>
</html>
