2896 5168
530 1013 906 1093 EPILOGUS.

579 1334 582 1338 ⁴
636 1341 809 1375 m·-

292 1576 445 1680 Perduxi
463 1611 501 1676 ad
524 1607 616 1676 finem
643 1612 826 1694 negotium,
855 1610 908 1674 cui
935 1608 1110 1693 peragendo
1133 1623 1184 1677 to·

250 1740 314 1791 tam
336 1722 432 1790 ferme
454 1725 548 1790 vitam
571 1724 721 1806 impendi.
755 1723 823 1789 Nec
844 1737 945 1790 umen
963 1724 991 1789 is
1010 1740 1071 1807 ego
1089 1740 1183 1804 sum,

252 1843 308 1926 qui
321 1844 390 1923 sic,
412 1862 460 1908 me
476 1856 629 1924 auctore,
652 1860 720 1908 rem‘
734 1845 824 1926 plane
842 1841 1016 1909 confectam
1039 1841 1183 1911 arbitrer.

253 1960 423 2026 Habebunt
443 1960 584 2044 posteri,
610 1980 690 2042 quae
708 1963 759 2026 vel
779 1961 937 2043 corrigant
960 1959 992 2024 in
1011 1959 1118 2041 hisce,
1134 1958 1187 2026 vel

250 2079 441 2160 suppleant,
464 2080 629 2160 permulta.
675 2077 737 2143 Sed
761 2095 827 2159 quo
850 2077 881 2142 id
902 2076 1019 2145 rectius
1037 2088 1130 2159 agant
1148 2091 1185 2142 ac

249 2194 390 2260 Platonis
419 2194 585 2278 aliquando
619 2195 853 2278 philosophiam
893 2211 1025 2278 prorsus
1054 2193 1087 2260 in
1115 2196 1186 2262 luce
1321 2174 1325 2179 ¹
1400 2180 1403 2187 ’

251 2322 393 2388 ponant,
416 2300 524 2374 critica
545 2310 716 2411 adhibenda
734 2311 912 2401 philosopha
933 2313 1080 2393 quaedam
1100 2311 1188 2395 erit,

253 2440 289 2489 ιιι
316 2424 355 2489 ab
384 2424 568 2505 erroribus,
597 2427 715 2508 quibus
737 2429 816 2511 lapsi
837 2428 1032 2511 superiorum
1051 2442 1186 2495 aetatum

251 2543 435 2623 interpretes
461 2556 559 2621 sunt,
587 2558 728 2607 caveant.
771 2544 948 2623 Equidem,
978 2544 1006 2611 si
1034 2543 1187 2627 prolicere

252 2661 326 2742 quis
344 2659 427 2725 forte
448 2662 555 2723 e'meo
578 2661 722 2742 exemplo
744 2660 844 2739 velit,
864 2657 1034 2723 cavendum
1055 2658 1189 2743 potissi·
1321 2730 1327 2739 ,

253 2796 338 2841 ιιιιιιιι
356 2777 394 2842 ab
418 2776 467 2841 his
486 2776 614 2840 censuit
636 2775 795 2859 primurn,
813 2791 854 2840 ne
869 2773 1044 2840 doctrinam
1064 2789 1187 2858 specta·

252 2911 319 2984 rem
341 2891 500 2973 Platonis,
517 2895 660 2974 formam
691 2875 896 2975 negligerem:
931 2891 1078 2956 traderem
1106 2891 1186 2973 dog·
1252 2936 1266 2969 .

252 3024 333 3074 mata
352 3007 555 3092 philosophi,
578 3010 666 3088 quasi
688 3021 794 3074 essent
814 3008 888 3073 haec
907 3007 1029 3090 singula
1048 3007 1185 3092 singula·

252 3125 307 3191 tim
330 3125 369 3191 ab
390 3142 516 3191 auctore
537 3126 618 3191 libro
641 3127 773 3208 quodam
798 3124 1012 3209 metaphysica
1035 3126 1184 3210 condita,

218 3312 220 3319 ,
252 3260 318 3309 ιιοιι
336 3244 521 3310 attenderem
541 3243 676 3325 dialogi,
704 3243 767 3307 imo
796 3244 983 3310 Socraticam
1010 3242 1185 3327 rationem,

255 3380 317 3442 qua
349 3379 423 3426 usus
454 3362 529 3439 ille,
558 3361 801 3443 interrogando,
837 3359 1047 3443 inquirendo,
1074 3358 1205 3425 distin.

253 3478 396 3560 guendo,
425 3477 632 3543 admirabilem
662 3477 694 3541 in
713 3472 849 3543 'modum
871 3475 1040 3544 illustravit
1060 3476 1184 3544 omniur

253 3612 345 3675 quam
365 3592 419 3675 qui
440 3594 662 3674 neglexerunt,
686 3593 844 3660 Platonem
871 3595 965 3660 nobis
987 3593 1076 3675 sere,
1096 3610 1186 3675 non,

253 3726 289 3775 ut
320 3712 424 3776 lumen
456 3711 694 3794 philosophiae,
733 3712 789 3777 sed
827 3727 982 3793 tamquam
1010 3710 1049 3775 de
1078 3710 1187 3777 schola

252 3827 476 3910 philosophum
499 3827 655 3911 aliquem,
680 3808 928 3909 proposuerunt.
981 3827 1123 3909 Deinde,
1145 3844 1187 3893 ne

249 3944 417 4012 dividerem
440 3926 591 4028 importes
612 3960 643 4009 et
658 3932 759 4010 'veluti
782 3946 962 4011 dissecarem
986 3946 1186 4030 philosophi·

137 4073 140 4077 ’
254 4078 302 4125 am
324 4061 489 4143 Platonis,
512 4081 546 4126 sc
570 4061 596 4124 si
618 4061 832 4126 contineretur
852 4062 927 4130 haec
945 4061 1095 4149 physicd,
1116 4060 1187 4127 dia·

1125 4178 1185 4243 lec·
1280 4232 1287 4245 ,
