2896 5168
625 464 820 525 ..242-

255 628 525 721 pltilotophorum,
554 626 608 693 scd
623 629 842 694 somniantium
855 623 898 694 (¹)
920 626 1110 715 disserunt..¹¹
1133 623 1199 711 ¹Sit

256 743 352 813 nobis
379 744 449 829 ipse
479 744 592 812 Cicero
629 744 732 809 denuo
764 742 983 825 philosophiae
1018 723 1197 809 Platonicae

257 860 424 945 interpres.
467 860 656 953 Sententiam
677 862 746 944 ejus
774 862 813 925 de
831 860 945 926 Phidid
967 862 1099 944 eiusque
1118 877 1199 943 ope-

258 975 346 1043 ribus
367 978 445 1043 hanc
468 977 653 1042 adduximus
675 993 781 1057 supra.
848 975 919 1040 Nec
940 996 1011 1043 uero
1033 976 1087 1041 illa
1111 977 1199 1039 arti-

250 1094 335 1185 ίῳ,
374 1115 443 1160 cum
466 1095 594 1177 faceret
625 1090 719 1175 Jovo
738 1091 883 1177 fumum
914 1109 973 1158 aut
1004 1094 1198 1171 Minervae,

250 1209 529 1303 contemplabatur
546 1209 707 1293 aliquem,
736 1229 752 1271 c
773 1230 832 1293 quo
852 1208 1085 1274 similitudinem
1103 1208 1201 1288 ¹ducc-

259 1342 310 1393 rct
320 1350 334 1408 ,·
353 1323 408 1391 sed
425 1328 520 1413 ipsius
535 1331 571 1388 t'n
590 1339 689 1388 nauta
706 1322 863 1389 insidebat
879 1328 990 1413 species
1007 1322 1203 1408 pulcritudi-

261 1444 311 1507 nit
330 1443 448 1507 eximia
468 1438 644 1524 quasdam,
666 1460 761 1524 quam
791 1443 915 1506 intuens
941 1444 976 1505 itt
1002 1462 1099 1526 eaque
1120 1438 1200 1525 defi-

259 1578 346 1638 xus,
365 1556 413 1647 ad
426 1558 512 1622 illius
535 1553 770 1623 similitudinem
791 1572 894 1621 artent
914 1578 953 1621 oc
971 1577 1097 1623 manum
1115 1554 1201 1622 diri·

257 1673 366 1759 gebat.
382 1672 423 1741 (τ)
468 1672 556 1740 Talis
583 1673 680 1737 instar
702 1671 832 1737 artificis
856 1674 944 1739 Deus
968 1674 1063 1739 nobis
1083 1674 1116 1738 iu
1136 1673 1201 1739 Ti·

151 1855 154 1859 .
262 1809 351 1856 maeo
377 1789 578 1874 proponitur.
644 1789 728 1871 Sed,
761 1804 797 1853 ut
826 1787 949 1856 Phidias
983 1790 1016 1853 in
1046 1789 1199 1873 operibus

261 1907 328 1973 suis
349 1906 546 1990 perficiendis
562 1906 734 1992 pulcrum,
757 1905 800 1970 ita
820 1907 928 1985 Deus,
952 1906 1071 1989 quippe
1087 1909 1200 1972 natust

263 2026 322 2089 sut
340 2022 465 2104 bonus,
486 2023 616 2103 bouum,
637 2027 820 2106 τὸάγαθὸν,
842 2023 874 2088 in
894 2023 1011 2088 mundo
1027 2021 1198 2089 informan-

263 2138 305 2203 do
324 2137 575 2229 perficiendoque
593 2141 825 2220 contemplatus
843 2139 983 2224 fingitur.
1027 2140 1102 2226 Quo
1120 2159 1198 2223 pto·

218 2234 222 2243 ¹
261 2253 330 2338 ptis
348 2261 400 2325 toi
418 2261 513 2324 καλοῦ
530 2283 564 2324 as
581 2258 633 2323 tul
644 2260 760 2336 ἀγαθοῦ
779 2256 977 2322 necessitudo
999 2256 1195 2340 intelligitur.
1240 2258 1247 2273 '

261 2370 345 2437 Nam
366 2373 501 2437 mundus
521 2370 572 2435 hic
589 2386 780 2454 propterea,
801 2376 841 2438 de
864 2373 1000 2439 Platonis
1019 2376 1197 2457 sententis,

257 2489 562 2575 pulcerrimum,
597 2489 683 2571 quod
704 2488 819 2571 bonus,
851 2491 933 2568 imo,
967 2489 1098 2579 optimus
1127 2494 1197 2574 ejus

261 2617 466 2695 auctorest.
516 2610 553 2674 Ὀ
573 2611 629 2689 μὲν
652 2610 713 2691 γὰρ
732 2611 876 2684 κάλλιςος
900 2616 957 2676 τῶν
973 2608 1159 2688 γεγονότων,
1179 2610 1197 2676 d

260 2725 293 2795 tt
312 2722 410 2807 ἅριςος
428 2731 484 2791 τῶν
502 2727 616 2793 αἰτίων.
633 2718 674 2788 (³)
741 2723 889 2803 Scilicet,
911 2739 946 2789 ut
970 2725 1043 2788 item
1064 2737 1197 2789 conten·

176 2886 180 2893 -
263 2838 333 2917 dit,
353 2841 433 2923 θέμις
460 2841 524 2908 οὔτ’
543 2838 576 2919 ἦν
597 2845 659 2911 οὔτ’
679 2841 724 2914 irs
743 2845 785 2925 τῷ
810 2846 903 2926 dolcat
925 2842 1092 2927 δρᾷνᾶλλο
1116 2844 1198 2919 πλὴν

261 2960 296 3025 τὸ
313 2956 527 3028 stuatosum
572 2956 730 3023 Pertinent
758 2959 831 3023 haec
849 2973 950 3023 autem
973 2957 1047 3023 illuc
1070 2956 1199 3039 potissi·

263 3090 370 3152 munt,
392 3087 428 3137 ut
456 3074 571 3138 malum
598 3074 702 3139 cuivis
734 3074 802 3138 sive
830 3074 873 3138 tei
897 3074 964 3139 sive
985 3047 1110 3139 naturae
1137 3090 1198 3153 po·

262 3187 346 3264 tius,
369 3207 460 3267 quatu
488 3190 581 3269 Deo,
615 3191 781 3254 tribuatur.
848 3192 1021 3255 Fluxerunt
1043 3189 1122 3254 ,inde
1143 3207 1199 3255 ,te-

263 3301 435 3391 centioturn
461 3322 533 3368 com
568 3310 745 3387 poetarum,
779 3321 843 3371 tum
871 3307 1134 3391 philosophorum
1158 3307 1198 3372 de

262 3421 374 3500 optimo
402 3419 513 3485 mundo
546 3420 648 3501 deque
680 3426 875 3507 optimtsmo.
908 3443 1000 3504 quem
1030 3424 1196 3504 dixerunt,

258 3534 452 3615 sententiae,
476 3555 555 3617 quae
586 3537 628 3601 ita
659 3557 693 3603 se
726 3539 817 3603 nobis
844 3540 973 3604 maxime
999 3540 1197 3606 commenda·

261 3645 363 3729 liunt,
386 3664 420 3712 ut
440 3653 581 3739 proxime
605 3669 668 3717 nos
693 3657 729 3720 ad
754 3674 856 3720 earum
887 3654 1005 3720 fontem
1030 3656 1195 3723 accesseri·

1083 3791 1194 3842 nus.

258 3918 334 4015 ’κω
355 3945 434 4013 Apud
450 3946 617 4000 Ciceronem.
654 3950 695 4016 (a)
715 3952 835 4001 Oratore
846 3967 903 4004 ω.
920 3952 965 4004 Cf.
987 3968 1065 4019 supra
1078 3948 1195 4004 volll.

259 4043 442 4113 l’.a.p.107.
479 4047 519 4114 (ὅ)
543 4047 615 4096 uim.
635 4052 727 4114 api.
770 4050 811 4117 (i)
832 4048 1003 4103 sauses.
1095 4069 1097 4073 ¹
