2896 5168
629 501 820 561 -228-

266 682 401 758 ubiles,
423 682 498 744 aiter
532 680 564 743 in
593 678 685 742 rebus
717 676 820 759 parvis
855 674 1044 757 negligentes
1081 688 1193 755 putat:

266 801 464 883 primumque
487 796 532 860 sic
555 797 804 874 interrogentur:
849 792 941 857 ambo
960 810 1018 855 vos
1037 791 1122 857 Deos
1145 809 1198 854 as·

267 913 369 980 seritis
388 914 489 992 scire,
512 913 640 991 videre,
663 912 830 992 audireque
850 911 974 975 omnia:
998 907 1075 973 nihil
1096 926 1199 991 posse

266 1034 355 1113 ipsos
371 1029 506 1112 effugere
525 1048 656 1108 corum,
679 1046 758 1109 quae
779 1043 832 1091 aut
853 1046 947 1091 sensu
965 1042 1019 1090 aut
1038 1026 1198 1091 intellectu

266 1146 508 1231 percipiuntur?
542 1145 695 1211 Haeccine
709 1146 750 1210 ita
762 1162 831 1208 esse
841 1143 965 1223 dicitis,
986 1142 1199 1208 analiteri-

268 1265 333 1331 Sic.
355 1298 400 1315 -
423 1264 543 1329 Deinde
560 1263 661 1327 omnia
681 1281 735 1327 eos
754 1279 872 1342 posse,
893 1276 1098 1343 quaecuuque
1115 1277 1200 1323 mor·

267 1384 344 1447 tales
372 1382 601 1446 immortalesve
632 1377 792 1460 possunt?
830 1412 870 1431 ·-
914 1376 1032 1462 Quidni
1060 1390 1092 1441 et
1122 1376 1197 1440 haec

265 1499 463 1566 concedenti
484 1538 527 1552 -
569 1499 678 1565 Bonos
705 1498 818 1577 etiam,
841 1498 903 1562 imo
936 1496 1075 1580 optimos
1102 1514 1197 1579 esse,

267 1632 327 1681 nos
345 1615 486 1698 quinque
499 1612 636 1681 confessi
656 1634 779 1680 sumus.
799 1651 845 1667 —
862 1612 1017 1679 Omnino,
1034 1652 1078 1666 -
1096 1613 1198 1679 Nulla

267 1752 340 1815 ergo
361 1733 473 1800 inertid
490 1735 583 1815 capi,
607 1734 692 1800 nulla
715 1733 846 1799 mollitie
874 1751 1032 1814 possunt,
1057 1732 1199 1814 quando·

267 1850 391 1930 quidem
411 1853 487 1917 tales
512 1866 607 1930 sunt,
630 1853 737 1930 quales
760 1868 828 1916 esse
848 1849 1081 1915 consensimus:
1124 1832 1202 1913 uanr'

167 1993 173 2062 J
212 2029 217 2039 ,
266 1986 304 2032 ex
326 1968 448 2050 ignavia
473 1967 566 2032 uobis
588 1968 697 2033 inertia
725 1968 844 2033 oritur:
887 1967 1072 2050 negligentia
1090 1980 1197 2031 autem

171 2140 175 2151 .
265 2100 304 2147 ex
335 2084 443 2148 inertia
478 2099 571 2164 atque
603 2085 745 2150 mollitie.
774 2120 820 2135 -
862 2084 943 2148 Vera
965 2083 1114 2164 loqueris.
1148 2106 1197 2136 -·-

172 2210 176 2219 '
266 2197 378 2282 'upote
404 2204 459 2280 μὲν
489 2203 523 2277 iit
552 2203 601 2268 καὶ
631 2204 759 2284 ῥαθυμίᾳ
789 2204 880 2276 οὐδεὶς
908 2205 1022 2283 ἀμελεῖ
1042 2204 1122 2268 θεῶν·
1162 2206 1198 2269 oti

266 2317 327 2394 γὰρ
346 2316 452 2395 uires:
472 2320 552 2398 uitri
573 2343 629 2385 που
651 2320 775 2392 δειλίας.
819 2317 939 2381 Nullus
959 2336 1033 2401 ergo
1053 2316 1194 2381 Deorum

264 2428 387 2493 iucrtid
411 2450 450 2493 uc
476 2431 670 2516 negligentid
698 2430 867 2517 quidquam
889 2434 1043 2518 negligit:
1079 2434 1197 2499 nullius

263 2547 344 2608 enim
372 2547 519 2629 ignauia:
546 2547 633 2612 Deus
662 2562 706 2613 est
730 2554 898 2632 particeps.
930 2584 977 2601 ·-
1019 2550 1126 2615 Recte.
1148 2584 1197 2601 -

207 2658 218 2679 ’
264 2661 380 2727 Utrum
411 2681 507 2743 vero,
541 2683 560 2728 ο
593 2665 693 2745 bone,
729 2680 760 2729 te
791 2665 892 2731 dicere
924 2665 1196 2731 existimabimus?

263 2778 390 2843 Deosnc
420 2798 548 2861 propter
578 2781 804 2864 ignorantiam,
846 2802 917 2848 cum
951 2781 1113 2864 providere
1140 2781 1196 2845 de·

257 2895 375 2975 beant,
403 2915 468 2962 non
490 2899 681 2981 providere,
712 2918 775 2975 an,
799 2899 891 2963 sicuti
911 2898 1071 2981 improbos
1091 2899 1196 2962 homi·

262 3029 319 3079 nes
348 3013 504 3092 dicimus,
528 3015 653 3078 meliora
676 3015 801 3093 quidem
826 3016 950 3092 videre,
972 3014 1122 3079 deteriora
1145 3032 1197 3079 se·

262 3127 336 3207 qui,
359 3130 404 3193 sic
426 3132 534 3208 Deos,
557 3132 701 3211 quamvis
730 3134 829 3195 sciant
855 3130 1080 3211 providendum
1101 3150 1194 3213 esse,

261 3243 403 3308 similiter
421 3264 485 3309 non
506 3246 697 3327 providere?
719 3283 765 3299 -
785 3248 955 3332 Quomodo
977 3248 1009 3313 id
1030 3248 1094 3315 iieri
1117 3266 1194 3329 pos·

260 3358 327 3423 siti
349 3392 394 3411 ··
416 3368 530 3431 Οὐκοῦν
543 3367 577 3440 tu
598 3368 678 3444 cuiue
701 3369 862 3448 uetudine
883 3369 1057 3449 πράγματα
1077 3375 1131 3442 τῆς
1151 3392 1189 3435 τε

259 3480 403 3562 ἐμψύχου
421 3482 548 3563 μετέχει
567 3483 688 3565 Φύσεως
709 3482 797 3562 ἅμα,
833 3483 883 3549 xxi
906 3486 1115 3564 θεοσεβὲςατον
1135 3487 1194 3551 αὖ·

254 3594 294 3661 ,τό
314 3597 358 3662 e'sr
379 3595 498 3663 aitrau
519 3598 595 3680 ζώων
615 3598 772 3679 ἄνθρωπος.
849 3597 1021 3663 Praeterea
1052 3618 1101 3662 rer
1132 3599 1192 3661 iu·

250 3711 525 3799 1,ηιιυιιιινὶνιηώ
550 3726 689 3776 naturae
717 3714 888 3798 participes
912 3728 1007 3779 sttui:
1047 3729 1077 3777 et
1103 3713 1190 3779 homo

251 3827 322 3907 1305:
342 3830 574 3908 praecaeteris
595 3830 783 3893 auirnalibus
808 3829 873 3893 Dei
893 3831 995 3895 caedor
1017 3828 1192 3913 diligentis·

257 3941 351 4003 simus
371 3954 429 4006 cst.
472 3940 559 4022 Quin
581 3942 671 4006 ctiam
705 3945 843 4008 mortalia
869 3962 980 4009 cuncta
1007 3942 1144 4010 viventia
1172 3966 1191 4011 a

258 4052 330 4123 Diis
368 4055 543 4137 possideri,
576 4062 833 4139 quemadmodum
864 4080 895 4126 er
914 4065 1035 4127 coelum
1066 4061 1192 4127 univer·

1092 4196 1161 4259 ‚sum
1176 4226 1190 4259 ‚
