2896 5168
595 461 744 525 ws-

159 655 163 664 ,
203 602 358 692 tionibus·
375 607 483 692 licetL.
505 623 727 709 Philosophiae
746 624 829 709 apud
854 642 924 691 eum
945 626 1133 713 principun

138 779 144 790 ·
201 761 382 825 summum,
411 757 448 807 ut
464 741 633 822 ¹vidimus,
667 742 733 809 veri
755 760 842 807 amor
867 757 936 809 est:
968 744 1020 809 cui
1048 746 1135 829 prin·

197 862 286 945 cipio
303 874 346 941 ut
376 857 469 924 finem
496 857 686 941 respondere
705 877 762 941 par
790 872 861 939 est,
889 856 932 923 ita
951 856 1036 923 hunc
1061 877 1131 932 aste

197 978 338 1045 dicamus
364 996 472 1048 aarum
501 977 624 1060 assequi
645 975 713 1058 sive
737 975 838 1059 ipsam
856 978 929 1047 ueri
953 978 1127 1062 scientiam,

198 1085 506 1177 Perspicereautem
541 1093 622 1167 illud
658 1093 755 1178 magis
795 1092 887 1159 etiam
920 1111 960 1161 ex
977 1095 1063 1181 ejus,
1089 1093 1128 1173 de

197 1210 371 1294 disciplinis
400 1209 614 1293 disputatione
642 1209 726 1277 licet.
782 1207 929 1293 Trahunt
952 1209 1015 1288 hae
1040 1226 1128 1290 men,-
1242 1287 1246 1293 ⁵

196 1330 285 1406 tem,
317 1326 395 1407 ait‚2
422 1326 462 1392 ah
482 1325 555 1407 iis,
586 1345 668 1408 qaae
684 1316 843 1412 ‚viduatur
873 1343 945 1401 esse
982 1325 1132 1410 quaeque

195 1444 342 1511 hentsibus
374 1457 503 1527 patent,
531 1442 570 1509 ad
599 1460 740 1524 eaquae
767 1457 840 1510 suna
868 1443 1001 1525 solique
1023 1457 1129 1513 mente

191 1567 226 1626 et
262 1560 457 1644 cogitatione
492 1558 721 1643 percipiuntur.
788 1554 883 1625 Unde
918 1538 1124 1643 intelligitui,

193 1677 358 1760 proprium·
376 1677 596 1761 philosophiae
610 1676 790 1745 Platonicae
809 1694 907 1757 essey
924 1692 961 1744 ut
979 1676 1012 1743 in
1032 1694 1125 1745 mun·

190 1795 266 1860 dum
287 1815 347 1862 nos
377 1795 489 1877 illum,
511 1794 567 1878 qui
583 1794 654 1879 ¹soli
673 1794 771 1865 menti
798 1807 911 1877 patet,
929 1794 997 1865 sive
1024 1799 1124 1875 amia

189 1913 318 1979 educat..
354 1911 417 1978 Sed
444 1925 624 1994 praeterea,
646 1929 681 1977 ut
702 1909 905 2011 philosophia
928 1911 1038 1999 pulcri
1052 1911 1123 1987 ¹uel·

191 2027 238 2092 uti
267 2028 414 2095 intnoitus
436 2043 484 2094 est
514 2029 598 2112 apud
618 2028 788 2098 ‚Platonem
820 2030 859 2096 ad
884 2031 955 2101 ueri
979 2029 1124 2096 omnino·

191 2162 254 2227 que
279 2145 317 2216 ad
348 2147 521 2241 nniversam
538 2146 801 2229 philosophiam,
829 2145 873 2212 ita
895 2144 968 2212 hinc
991 2145 1122 2225 manime

187 2244 370 2327 delineet
398 2262 565 2342 proposito
593 2262 677 2341 apud
704 2263 866 2329 Platonem
897 2261 1119 2345 philosophiae

186 2376 360 2444 existimare
389 2374 476 2441 licet.
517 2373 556 2439 In
576 2374 646 2458 vhoc
672 2389 775 2441 autem
797 2376 930 2447 introitu
963 2377 1007 2441 iu·
1027 2395 1120 2443 mun·

119 2550 124 2559 .
185 2491 258 2557 duan
289 2509 354 2557 non
383 2490 487 2555 solum
511 2496 612 2568 main
639 2489 771 2570 educti,
792 2491 852 2561 sed
873 2490 1008 2587 adducti
1023 2491 1118 2573 simul

183 2611 223 2675 ad
239 2607 338 2690 ipsum
365 2604 467 2690 pulcri
493 2605 591 2674 ideam
621 2624 757 2686 sumus:
779 2621 812 2675 et
830 2607 940 2673 docuit
959 2627 1020 2676 nos
1038 2608 1119 2677 Dio·

182 2724 283 2804 time,
304 2723 366 2789 hnc
389 2723 631 2791 convertendam
661 2723 774 2792 mentis
803 2738 930 2792 nostrae
949 2725 1044 2796 aciem
1067 2744 1117 2805 es·

183 2854 239 2923 te,
260 2841 289 2907 si
309 2840 435 2922 quidem
457 2854 489 2906 et
511 2854 596 2922 recte
618 2840 836 2924 philosophari
858 2857 889 2907 et
916 2842 1049 2908 honeste
1067 2843 1118 2909 vi·

180 2969 255 3027 uere
287 2973 319 3024 et
350 2959 516 3025 consulere
545 2976 617 3023 eum
646 2958 809 3033 hominum
836 2958 1002 3040 societati,
1044 2973 1113 3028 tutu

181 3074 420 3158 nobismetipsis
448 3074 595 3141 velimus.
658 3073 748 3141 Num
780 3075 868 3141 Plato
904 3073 937 3139 id
972 3074 1117 3157 philoso-

100 3228 103 3233 ·
178 3193 305 3278 phando
338 3191 526 3275 spectaverit
554 3203 781 3273 assecutusque
810 3188 926 3271 fuerit,
961 3192 1046 3274 quod
1079 3191 1113 3261 in

176 3311 310 3376 aliorum
326 3308 476 3375 doctrinis
492 3307 758 3392 philosophorum
774 3308 1008 3388 desideramus,
1030 3325 1113 3382 non·

178 3425 253 3490 dum
288 3425 389 3493 ausim
429 3424 611 3510 dijudicare.
675 3422 897 3491 Verumtamen
932 3426 1110 3511 colligimus

177 3559 217 3607 ex
238 3540 287 3620 his
311 3538 458 3607 omnibus
485 3540 595 3623 facile,
617 3560 681 3608 non
700 3555 839 3623 temere,
862 3561 927 3608 non
946 3544 1015 3610 sine
1033 3563 1113 3611 con-

174 3655 246 3723 silio
267 3673 355 3721 certo
376 3656 511 3738 quodam
535 3659 793 3742 philosophatum
809 3678 882 3743 eum
905 3679 999 3741 esse,
1021 3660 1112 3731 item·

174 3790 238 3857 que
269 3773 396 3858 explete
424 3773 555 3841 eundem
587 3773 841 3858 philosophando
870 3775 972 3842 studia
1001 3791 1111 3845 nostra

171 3889 320 3974 primatia
347 3890 553 3974 qtuaosivisse.
577 3888 679 3959 Nam
703 3890 822 3959 sivein
849 3894 1018 3976 pulcrum,
1040 3892 1111 3963 sive

176 3999 322 4092 honum,
343 4008 412 4077 sive
429 4009 551 4094 Juitutn
573 4021 757 4079 sanctnmve
772 4008 981 4095 respiciebat,
1001 4027 1111 4078 mua

145 4123 149 4127 ’
609 4125 681 4192 Aa
846 4145 851 4156 ·
1077 4122 1112 4191 in
