2896 5168
647 485 817 545 ..27-

264 647 395 715 modesti
423 662 455 714 et
486 647 610 712 sibimet
639 646 716 728 ipsis
747 647 954 729 imperantes,
985 645 1146 725 subactis,
1176 669 1193 712 e

262 763 379 848 quibus
403 765 500 844 vitia,
544 763 576 828 in
602 763 772 828 libertatem
802 762 987 843 vindicatis,
1029 783 1047 826 e
1077 760 1193 843 quibus

261 880 395 948 virtutes
423 881 588 960 oriuntur3
632 881 746 945 mortui
769 899 866 957 vero,
900 879 1087 963 recuperatis
1117 879 1196 958 alis,

261 1014 423 1083 praepetes
449 1001 593 1078 evolant,
615 1017 687 1063 cum
714 999 806 1062 trium
830 998 1028 1064 certaminum
1051 997 1195 1081 Olympi·

263 1135 374 1182 corum
403 1135 499 1182 unum
530 1116 739 1200 pervicerint:
786 1135 850 1197 quo
875 1135 949 1181 sane
976 1115 1194 1200 praestabilius

262 1233 380 1298 bonum
400 1251 457 1299 nec
482 1234 616 1298 humana
638 1232 859 1315 temperantia,
881 1251 938 1299 nec
960 1232 1088 1299 divinus
1107 1233 1197 1298 furor

262 1350 381 1416 homini
402 1349 511 1416 afferre
533 1352 629 1416 ullum
652 1366 770 1434 potest.
787 1349 828 1418 (¹)
1263 1326 1266 1335 ¹

423 1576 483 1640 Da
507 1577 690 1662 justitia
721 1591 760 1645 ct
782 1577 1026 1660 felicitate.

261 1693 506 1775 Sufficiens
543 1693 695 1754 homini
735 1691 788 1755 ad
822 1692 944 1755 beata
980 1690 1193 1757 vivendum

618 1807 834 1889 justitia?

303 2041 522 2106 Verumtamen
543 2058 623 2122 quae
638 2060 675 2107 ex
694 2040 895 2124 philosophia
913 2040 1013 2122 pulcri
1030 2039 1069 2104 ad
1085 2058 1195 2121 quaes·

260 2158 376 2224 tionem
400 2160 439 2224 de
465 2159 585 2242 justitia
613 2178 647 2223 ac
675 2157 822 2223 felicitate
841 2159 1001 2224 attulimus
1024 2158 1193 2238 hactenus,

258 2275 507 2358 praeparaverint
544 2276 618 2340 haec
651 2293 711 2340 nos
744 2275 973 2356 quodammodo
1009 2274 1116 2353 forre,
1157 2288 1192 2338 rrt

257 2393 344 2472 quod
365 2392 564 2473 quaerimus,
596 2391 789 2458 inveniamus
812 2392 1004 2476 aliquando;
1026 2391 1193 2474 philoso-

257 2508 330 2590 phia
345 2508 423 2594 Justi
440 2508 528 2574 aliam
548 2513 688 2592 postulat
705 2510 970 2592 disquisitionem.
1009 2508 1190 2594 chustitil

255 2626 307 2692 hlc
332 2628 482 2706 agendum
508 2626 602 2692 nobis
624 2643 693 2693 est:
737 2629 910 2695 discernere
930 2647 994 2692 eam
1021 2648 1038 2691 a
1060 2626 1188 2692 caeteris

254 2743 426 2810 virtutibus
443 2744 632 2827 majoribus,
655 2763 673 2807 a
691 2743 861 2826 sapientia,
884 2741 1090 2823 fortitudine,
1112 2759 1189 2810 tem·

252 2861 392 2944 perantia
422 2875 567 2941 oportet:
612 2862 819 2941 quaerendum
838 2857 1025 2939 praecipue,
1048 2876 1123 2923 num
1151 2862 1189 2925 acl

254 2977 333 3042 bene
356 2978 506 3058 beateque
531 2978 697 3041 vivendum
721 2977 789 3058 ipsa
815 2974 947 3040 sufficiat
969 2993 1041 3039 una.
1104 2975 1190 3041 Atti·

254 3095 355 3178 gimus
386 3095 478 3173 haec,
516 3115 612 3175 quum
644 3093 675 3158 in
701 3092 904 3176 philosophia
933 3091 1000 3157 veri
1030 3093 1187 3160 tractanda

252 3211 413 3275 Philebum
448 3210 669 3293 explicaremus
699 3208 853 3277 Platonis.
918 3211 980 3275 Sed
1008 3209 1117 3290 Plato,
1152 3223 1187 3275 ut

250 3328 409 3410 vidimus,
430 3349 500 3393 cum
524 3329 672 3394 scriberet
693 3328 850 3412 dialogum
872 3328 979 3408 illurn,
1001 3327 1104 3391 minus
1125 3328 1185 3392 So·

250 3444 344 3512 cratis
368 3465 495 3512 suamve
522 3447 705 3511 sententiam
728 3448 901 3524 declarare,
924 3463 1016 3527 quarn
1039 3444 1183 3510 adhibere

251 3567 383 3633 Philolai
402 3567 517 3650 placito
549 3567 614 3648 trapi
636 3573 693 3633 triv
713 3567 840 3648 ἀπείρων
861 3592 896 3634 νε
917 3567 968 3633 καὶ
989 3563 1180 3646 περαινόντων

249 3681 437 3750 dialecticam
457 3685 589 3750 studuit.
632 3687 676 3751 Et
704 3703 779 3749 vero
809 3686 847 3750 de
878 3682 1030 3766 sapientia
1059 3683 1180 3752 illicet

248 3802 430 3885 voluptate,
453 3801 514 3866 utri
547 3802 585 3866 ad
611 3801 728 3867 beatam
758 3799 852 3867 vitam
880 3801 953 3883 plus
980 3801 1178 3868 tribuendum

1113 3933 1178 3999 sat,

284 4034 324 4104 (a)
343 4035 465 4091 Phaedr.
483 4034 532 4092 256
545 4043 579 4090 Δ.
592 4034 622 4088 Β.
658 4034 701 4089 Cs.
720 4032 785 4088 Vol.
798 4033 821 4088 1.
844 4051 873 4101 p.
887 4031 936 4087 ast
952 4039 979 4086 at
997 4031 1055 4087 255.
