<?xml version="1.0" encoding="UTF-8"?>
<!DOCTYPE html PUBLIC "-//W3C//DTD XHTML 1.0 Transitional//EN"
    "http://www.w3.org/TR/xhtml1/DTD/xhtml1-transitional.dtd">
<html xmlns="http://www.w3.org/1999/xhtml" xml:lang="en" lang="en">
 <head>
  <title>
</title>
<meta http-equiv="Content-Type" content="text/html;charset=utf-8" />
  <meta name='ocr-system' content='tesseract 3.04.00' />
  <meta name='ocr-capabilities' content='ocr_page ocr_carea ocr_par ocr_line ocrx_word'/>
</head>
<body>
  <div class='ocr_page' id='page_1' title='image "./initiaphilosoph04heusgoog_0044.png"; bbox 0 0 2896 5168; ppageno 0'>
   <div class='ocr_carea' id='block_1_1' title="bbox 121 528 1328 4032">
    <p class='ocr_par' dir='ltr' id='par_1_1' title="bbox 210 528 1328 783">
     <span class='ocr_line' id='line_1_1' title="bbox 643 528 818 598; baseline -0.006 -29"><span class='ocrx_word' id='word_1_1' title='bbox 643 548 690 569; x_wconf 73' lang='grc' dir='ltr'><strong>ι-</strong></span> <span class='ocrx_word' id='word_1_2' title='bbox 712 528 752 598; x_wconf 67' lang='grc'><strong>’37</strong></span> <span class='ocrx_word' id='word_1_3' title='bbox 773 550 818 568; x_wconf 81' lang='lat'><strong>.-</strong></span> 
     </span>
     <span class='ocr_line' id='line_1_2' title="bbox 210 694 1328 783; baseline 0.004 -21"><span class='ocrx_word' id='word_1_4' title='bbox 210 714 215 726; x_wconf 84' lang='grc'><em>’</em></span> <span class='ocrx_word' id='word_1_5' title='bbox 261 694 320 762; x_wconf 88' lang='lat' dir='ltr'><strong>ubi</strong></span> <span class='ocrx_word' id='word_1_6' title='bbox 351 694 424 778; x_wconf 86' lang='lat' dir='ltr'><strong>quis</strong></span> <span class='ocrx_word' id='word_1_7' title='bbox 452 708 574 779; x_wconf 85' lang='lat' dir='ltr'><strong>praeter</strong></span> <span class='ocrx_word' id='word_1_8' title='bbox 605 695 785 782; x_wconf 86' lang='lat' dir='ltr'><strong>hujusmodi</strong></span> <span class='ocrx_word' id='word_1_9' title='bbox 817 696 939 783; x_wconf 88' lang='lat' dir='ltr'><strong>rapinas</strong></span> <span class='ocrx_word' id='word_1_10' title='bbox 969 699 1190 782; x_wconf 71' lang='lat' dir='ltr'>pecuniarum,</span> <span class='ocrx_word' id='word_1_11' title='bbox 1321 732 1328 747; x_wconf 90' lang='lat'><em>·</em></span> 
     </span>
    </p>

    <p class='ocr_par' dir='ltr' id='par_1_2' title="bbox 254 813 1294 2177">
     <span class='ocr_line' id='line_1_3' title="bbox 258 813 1191 914; baseline 0.003 -36"><span class='ocrx_word' id='word_1_12' title='bbox 258 814 349 881; x_wconf 86' lang='lat' dir='ltr'><strong>ciues</strong></span> <span class='ocrx_word' id='word_1_13' title='bbox 371 813 462 880; x_wconf 88' lang='lat' dir='ltr'><strong>etiam</strong></span> <span class='ocrx_word' id='word_1_14' title='bbox 489 813 579 898; x_wconf 85' lang='lat' dir='ltr'><strong>ipsos</strong></span> <span class='ocrx_word' id='word_1_15' title='bbox 606 813 846 883; x_wconf 75' lang='lat' dir='ltr'><strong>inservientem</strong></span> <span class='ocrx_word' id='word_1_16' title='bbox 876 815 936 882; x_wconf 87' lang='lat' dir='ltr'><strong>sibi</strong></span> <span class='ocrx_word' id='word_1_17' title='bbox 961 816 1097 900; x_wconf 78' lang='lat' dir='ltr'>redigit,</span> <span class='ocrx_word' id='word_1_18' title='bbox 1126 833 1191 914; x_wconf 84' lang='lat' dir='ltr'><strong>non</strong></span> 
     </span>
     <span class='ocr_line' id='line_1_4' title="bbox 260 928 1190 1013; baseline 0.001 -17"><span class='ocrx_word' id='word_1_19' title='bbox 260 945 327 996; x_wconf 78' lang='lat' dir='ltr'><strong>tam</strong></span> <span class='ocrx_word' id='word_1_20' title='bbox 354 928 518 1013; x_wconf 81' lang='lat' dir='ltr'><strong>probrosis</strong></span> <span class='ocrx_word' id='word_1_21' title='bbox 555 929 737 997; x_wconf 86' lang='lat' dir='ltr'><strong>nominihus</strong></span> <span class='ocrx_word' id='word_1_22' title='bbox 772 945 920 1012; x_wconf 85' lang='lat' dir='ltr'><strong>notatur,</strong></span> <span class='ocrx_word' id='word_1_23' title='bbox 962 932 1019 998; x_wconf 92' lang='lat' dir='ltr'><strong>sed</strong></span> <span class='ocrx_word' id='word_1_24' title='bbox 1051 931 1127 999; x_wconf 83' lang='lat' dir='ltr'><strong>felix</strong></span> <span class='ocrx_word' id='word_1_25' title='bbox 1154 950 1190 997; x_wconf 83' lang='lat' dir='ltr'><strong>ac</strong></span> 
     </span>
     <span class='ocr_line' id='line_1_5' title="bbox 262 1040 1242 1130; baseline 0.005 -20"><span class='ocrx_word' id='word_1_26' title='bbox 262 1045 372 1111; x_wconf 88' lang='lat' dir='ltr'><strong>heatus</strong></span> <span class='ocrx_word' id='word_1_27' title='bbox 401 1044 620 1130; x_wconf 85' lang='lat' dir='ltr'><strong>praedicatur,</strong></span> <span class='ocrx_word' id='word_1_28' title='bbox 652 1064 717 1113; x_wconf 92' lang='lat' dir='ltr'><strong>non</strong></span> <span class='ocrx_word' id='word_1_29' title='bbox 744 1066 762 1113; x_wconf 88' lang='lat' dir='ltr'><strong>e</strong></span> <span class='ocrx_word' id='word_1_30' title='bbox 790 1046 915 1118; x_wconf 81' lang='lat' dir='ltr'><strong>civibus</strong></span> <span class='ocrx_word' id='word_1_31' title='bbox 947 1048 1014 1116; x_wconf 89' lang='lat' dir='ltr'><strong>suis</strong></span> <span class='ocrx_word' id='word_1_32' title='bbox 1045 1062 1188 1130; x_wconf 87' lang='lat' dir='ltr'><strong>tantum,</strong></span> <span class='ocrx_word' id='word_1_33' title='bbox 1239 1040 1242 1049; x_wconf 79' lang='lat'>&#39;</span> 
     </span>
     <span class='ocr_line' id='line_1_6' title="bbox 259 1161 1186 1249; baseline 0.004 -22"><span class='ocrx_word' id='word_1_34' title='bbox 259 1178 369 1228; x_wconf 84' lang='lat' dir='ltr'><strong>verum</strong></span> <span class='ocrx_word' id='word_1_35' title='bbox 397 1161 438 1228; x_wconf 87' lang='lat' dir='ltr'><strong>ab</strong></span> <span class='ocrx_word' id='word_1_36' title='bbox 470 1163 639 1246; x_wconf 86' lang='lat' dir='ltr'><strong>omnibus,</strong></span> <span class='ocrx_word' id='word_1_37' title='bbox 673 1163 728 1246; x_wconf 91' lang='lat' dir='ltr'><strong>qui</strong></span> <span class='ocrx_word' id='word_1_38' title='bbox 757 1183 828 1231; x_wconf 88' lang='lat' dir='ltr'><strong>eum</strong></span> <span class='ocrx_word' id='word_1_39' title='bbox 856 1164 988 1232; x_wconf 86' lang='lat' dir='ltr'><strong>andiunt</strong></span> <span class='ocrx_word' id='word_1_40' title='bbox 1017 1163 1186 1249; x_wconf 83' lang='lat' dir='ltr'><strong>nequitiam</strong></span> 
     </span>
     <span class='ocr_line' id='line_1_7' title="bbox 260 1278 1294 1365; baseline 0.006 -23"><span class='ocrx_word' id='word_1_41' title='bbox 260 1293 382 1343; x_wconf 83' lang='lat' dir='ltr'><strong>ornnem</strong></span> <span class='ocrx_word' id='word_1_42' title='bbox 400 1278 588 1363; x_wconf 75' lang='lat' dir='ltr'><strong>explevisse.</strong></span> <span class='ocrx_word' id='word_1_43' title='bbox 641 1278 720 1346; x_wconf 90' lang='lat' dir='ltr'><strong>Non</strong></span> <span class='ocrx_word' id='word_1_44' title='bbox 740 1280 821 1348; x_wconf 87' lang='lat' dir='ltr'><strong>enlm</strong></span> <span class='ocrx_word' id='word_1_45' title='bbox 841 1280 914 1348; x_wconf 89' lang='lat' dir='ltr'><strong>ideo</strong></span> <span class='ocrx_word' id='word_1_46' title='bbox 941 1280 1188 1365; x_wconf 83' lang='lat' dir='ltr'><strong>vituperantiu-</strong></span> <span class='ocrx_word' id='word_1_47' title='bbox 1289 1352 1294 1358; x_wconf 76' lang='grc'><strong>,</strong></span> 
     </span>
     <span class='ocr_line' id='line_1_8' title="bbox 258 1392 1248 1485; baseline 0.008 -27"><span class='ocrx_word' id='word_1_48' title='bbox 258 1392 434 1479; x_wconf 76' lang='lat' dir='ltr'><strong>justitiam,</strong></span> <span class='ocrx_word' id='word_1_49' title='bbox 455 1395 648 1481; x_wconf 86' lang='lat' dir='ltr'><strong>quicumque</strong></span> <span class='ocrx_word' id='word_1_50' title='bbox 667 1415 735 1463; x_wconf 86' lang='lat' dir='ltr'><strong>eam</strong></span> <span class='ocrx_word' id='word_1_51' title='bbox 752 1395 949 1482; x_wconf 86' lang='lat' dir='ltr'><strong>vituperant,</strong></span> <span class='ocrx_word' id='word_1_52' title='bbox 970 1399 1057 1481; x_wconf 92' lang='lat' dir='ltr'><strong>quod</strong></span> <span class='ocrx_word' id='word_1_53' title='bbox 1070 1397 1187 1485; x_wconf 84' lang='lat' dir='ltr'><strong>injuste</strong></span> <span class='ocrx_word' id='word_1_54' title='bbox 1245 1439 1248 1442; x_wconf 89' lang='lat'><strong>·</strong></span> 
     </span>
     <span class='ocr_line' id='line_1_9' title="bbox 257 1502 1220 1599; baseline 0.004 -23"><span class='ocrx_word' id='word_1_55' title='bbox 257 1505 383 1594; x_wconf 79' lang='lat' dir='ltr'><strong>iacere,</strong></span> <span class='ocrx_word' id='word_1_56' title='bbox 396 1506 401 1514; x_wconf 78' lang='grc'><strong>”</strong></span> <span class='ocrx_word' id='word_1_57' title='bbox 414 1510 471 1578; x_wconf 82' lang='lat' dir='ltr'><strong>red</strong></span> <span class='ocrx_word' id='word_1_58' title='bbox 505 1511 594 1594; x_wconf 89' lang='lat' dir='ltr'><strong>quod</strong></span> <span class='ocrx_word' id='word_1_59' title='bbox 626 1513 747 1597; x_wconf 86' lang='lat' dir='ltr'><strong>perpeti</strong></span> <span class='ocrx_word' id='word_1_60' title='bbox 780 1527 935 1579; x_wconf 86' lang='lat' dir='ltr'><strong>metuunt.</strong></span> <span class='ocrx_word' id='word_1_61' title='bbox 989 1514 1061 1581; x_wconf 84' lang='lat' dir='ltr'><strong>Hoc</strong></span> <span class='ocrx_word' id='word_1_62' title='bbox 1088 1514 1187 1599; x_wconf 80' lang='lat' dir='ltr'><strong>igitur</strong></span> <span class='ocrx_word' id='word_1_63' title='bbox 1214 1502 1220 1509; x_wconf 75' lang='grc'><strong><em>’</em></strong></span> 
     </span>
     <span class='ocr_line' id='line_1_10' title="bbox 257 1628 1234 1715; baseline 0.005 -21"><span class='ocrx_word' id='word_1_64' title='bbox 257 1642 374 1711; x_wconf 86' lang='lat' dir='ltr'><strong>pacto,</strong></span> <span class='ocrx_word' id='word_1_65' title='bbox 393 1646 414 1692; x_wconf 94' lang='grc' dir='ltr'>ο</span> <span class='ocrx_word' id='word_1_66' title='bbox 434 1628 602 1710; x_wconf 79' lang='lat' dir='ltr'><strong>Socrates,</strong></span> <span class='ocrx_word' id='word_1_67' title='bbox 621 1628 774 1715; x_wconf 84' lang='lat' dir='ltr'><strong>injustitia</strong></span> <span class='ocrx_word' id='word_1_68' title='bbox 790 1629 937 1696; x_wconf 83' lang='lat' dir='ltr'><strong>omnibus</strong></span> <span class='ocrx_word' id='word_1_69' title='bbox 956 1631 1025 1698; x_wconf 84' lang='lat' dir='ltr'><strong>ruis</strong></span> <span class='ocrx_word' id='word_1_70' title='bbox 1040 1631 1184 1715; x_wconf 86' lang='lat' dir='ltr'><strong>partibus</strong></span> <span class='ocrx_word' id='word_1_71' title='bbox 1231 1693 1234 1699; x_wconf 86' lang='lat'><em>.</em></span> 
     </span>
     <span class='ocr_line' id='line_1_11' title="bbox 257 1741 1182 1827; baseline 0.002 -19"><span class='ocrx_word' id='word_1_72' title='bbox 257 1742 422 1824; x_wconf 86' lang='lat' dir='ltr'><strong>absoluta,</strong></span> <span class='ocrx_word' id='word_1_73' title='bbox 452 1741 616 1808; x_wconf 83' lang='lat' dir='ltr'><strong>robustius</strong></span> <span class='ocrx_word' id='word_1_74' title='bbox 647 1742 796 1827; x_wconf 83' lang='lat' dir='ltr'><strong>quiddam</strong></span> <span class='ocrx_word' id='word_1_75' title='bbox 826 1759 858 1809; x_wconf 88' lang='lat' dir='ltr'><strong>et</strong></span> <span class='ocrx_word' id='word_1_76' title='bbox 884 1743 1062 1825; x_wconf 78' lang='lat' dir='ltr'><strong>liberalius,</strong></span> <span class='ocrx_word' id='word_1_77' title='bbox 1090 1762 1182 1826; x_wconf 83' lang='lat' dir='ltr'><strong>quam</strong></span> 
     </span>
     <span class='ocr_line' id='line_1_12' title="bbox 255 1845 1284 1943; baseline 0.001 -19"><span class='ocrx_word' id='word_1_78' title='bbox 255 1855 462 1943; x_wconf 75' lang='lat' dir='ltr'><strong>justitiaene:</strong></span> <span class='ocrx_word' id='word_1_79' title='bbox 483 1871 582 1941; x_wconf 92' lang='lat' dir='ltr'><strong>utque</strong></span> <span class='ocrx_word' id='word_1_80' title='bbox 605 1858 653 1924; x_wconf 77' lang='lat' dir='ltr'><strong>ab⁴</strong></span> <span class='ocrx_word' id='word_1_81' title='bbox 668 1857 761 1924; x_wconf 88' lang='lat' dir='ltr'><strong>initio</strong></span> <span class='ocrx_word' id='word_1_82' title='bbox 779 1858 940 1940; x_wconf 78' lang='lat' dir='ltr'><strong>dicebam,</strong></span> <span class='ocrx_word' id='word_1_83' title='bbox 960 1845 993 1925; x_wconf 91' lang='lat' dir='ltr'><strong>id</strong></span> <span class='ocrx_word' id='word_1_84' title='bbox 1016 1859 1106 1941; x_wconf 88' lang='lat' dir='ltr'><strong>quod</strong></span> <span class='ocrx_word' id='word_1_85' title='bbox 1126 1878 1185 1941; x_wconf 88' lang='lat' dir='ltr'><strong>po·</strong></span> <span class='ocrx_word' id='word_1_86' title='bbox 1271 1889 1284 1925; x_wconf 90' lang='lat'><strong>.·</strong></span> 
     </span>
     <span class='ocr_line' id='line_1_13' title="bbox 254 1971 1203 2063; baseline 0.001 -21"><span class='ocrx_word' id='word_1_87' title='bbox 254 1972 381 2042; x_wconf 77' lang='lat' dir='ltr'><strong>acutiori</strong></span> <span class='ocrx_word' id='word_1_88' title='bbox 401 1971 545 2054; x_wconf 82' lang='lat' dir='ltr'><strong>confert,</strong></span> <span class='ocrx_word' id='word_1_89' title='bbox 564 1974 684 2060; x_wconf 80' lang='lat' dir='ltr'><strong>justum</strong></span> <span class='ocrx_word' id='word_1_90' title='bbox 703 1989 770 2060; x_wconf 85' lang='lat' dir='ltr'><strong>est;</strong></span> <span class='ocrx_word' id='word_1_91' title='bbox 794 1975 947 2063; x_wconf 84' lang='lat' dir='ltr'><strong>injustum</strong></span> <span class='ocrx_word' id='word_1_92' title='bbox 963 1993 1038 2044; x_wconf 85' lang='lat' dir='ltr'><strong>reto</strong></span> <span class='ocrx_word' id='word_1_93' title='bbox 1057 1975 1203 2043; x_wconf 83' lang='lat' dir='ltr'><strong>sibimet</strong></span> 
     </span>
     <span class='ocr_line' id='line_1_14' title="bbox 255 2088 829 2177; baseline 0.003 -19"><span class='ocrx_word' id='word_1_94' title='bbox 255 2090 318 2177; x_wconf 86' lang='lat' dir='ltr'><strong>ipsi</strong></span> <span class='ocrx_word' id='word_1_95' title='bbox 338 2090 415 2157; x_wconf 86' lang='lat' dir='ltr'><strong>utile</strong></span> <span class='ocrx_word' id='word_1_96' title='bbox 434 2104 482 2159; x_wconf 87' lang='lat' dir='ltr'><strong>est</strong></span> <span class='ocrx_word' id='word_1_97' title='bbox 500 2104 532 2157; x_wconf 90' lang='lat' dir='ltr'><strong>et</strong></span> <span class='ocrx_word' id='word_1_98' title='bbox 551 2091 766 2174; x_wconf 86' lang='lat' dir='ltr'><strong>proficuum.”</strong></span> <span class='ocrx_word' id='word_1_99' title='bbox 785 2088 829 2160; x_wconf 73' lang='grc' dir='ltr'><strong>(Ι)</strong></span> 
     </span>
    </p>

    <p class='ocr_par' dir='ltr' id='par_1_3' title="bbox 254 2186 1183 2526">
     <span class='ocr_line' id='line_1_15' title="bbox 298 2186 1183 2293; baseline 0.002 -19"><span class='ocrx_word' id='word_1_100' title='bbox 298 2208 408 2275; x_wconf 88' lang='lat' dir='ltr'><strong>Inhis</strong></span> <span class='ocrx_word' id='word_1_101' title='bbox 428 2206 624 2275; x_wconf 87' lang='lat' dir='ltr'><strong>sermonibus</strong></span> <span class='ocrx_word' id='word_1_102' title='bbox 650 2208 921 2293; x_wconf 80' lang='lat' dir='ltr'><strong>Thrasymachum</strong></span> <span class='ocrx_word' id='word_1_103' title='bbox 947 2193 1036 2278; x_wconf 88' lang='lat' dir='ltr'><strong>Plato</strong></span> <span class='ocrx_word' id='word_1_104' title='bbox 1060 2209 1107 2276; x_wconf 91' lang='lat' dir='ltr'><strong>sic</strong></span> <span class='ocrx_word' id='word_1_105' title='bbox 1129 2186 1183 2277; x_wconf 81' lang='lat' dir='ltr'><strong>de·</strong></span> 
     </span>
     <span class='ocr_line' id='line_1_16' title="bbox 256 2320 1180 2411; baseline 0 -18"><span class='ocrx_word' id='word_1_106' title='bbox 256 2325 407 2410; x_wconf 88' lang='lat' dir='ltr'><strong>scripsit,</strong></span> <span class='ocrx_word' id='word_1_107' title='bbox 433 2341 492 2405; x_wconf 88' lang='grc' dir='ltr'>ιιι,</span> <span class='ocrx_word' id='word_1_108' title='bbox 518 2344 583 2408; x_wconf 93' lang='lat' dir='ltr'><strong>quo</strong></span> <span class='ocrx_word' id='word_1_109' title='bbox 604 2325 771 2406; x_wconf 86' lang='lat' dir='ltr'><strong>audaciae,</strong></span> <span class='ocrx_word' id='word_1_110' title='bbox 792 2320 867 2408; x_wconf 71' lang='lat' dir='ltr'><strong>&#39;quo</strong></span> <span class='ocrx_word' id='word_1_111' title='bbox 886 2326 1087 2408; x_wconf 86' lang='lat' dir='ltr'><strong>temeritatis,</strong></span> <span class='ocrx_word' id='word_1_112' title='bbox 1105 2345 1180 2411; x_wconf 92' lang='lat' dir='ltr'><strong>quo</strong></span> 
     </span>
     <span class='ocr_line' id='line_1_17' title="bbox 254 2439 1181 2526; baseline 0 -19"><span class='ocrx_word' id='word_1_113' title='bbox 254 2441 462 2526; x_wconf 84' lang='lat' dir='ltr'><strong>impudentiae</strong></span> <span class='ocrx_word' id='word_1_114' title='bbox 482 2442 557 2507; x_wconf 90' lang='lat' dir='ltr'><strong>haec</strong></span> <span class='ocrx_word' id='word_1_115' title='bbox 578 2441 717 2508; x_wconf 87' lang='lat' dir='ltr'><strong>doctrina</strong></span> <span class='ocrx_word' id='word_1_116' title='bbox 736 2440 879 2508; x_wconf 83' lang='lat' dir='ltr'><strong>homines</strong></span> <span class='ocrx_word' id='word_1_117' title='bbox 896 2439 1026 2523; x_wconf 86' lang='lat' dir='ltr'><strong>efferat,</strong></span> <span class='ocrx_word' id='word_1_118' title='bbox 1044 2441 1076 2506; x_wconf 92' lang='lat' dir='ltr'><strong>in</strong></span> <span class='ocrx_word' id='word_1_119' title='bbox 1096 2440 1181 2507; x_wconf 89' lang='lat' dir='ltr'><strong>illius</strong></span> 
     </span>
    </p>

    <p class='ocr_par' dir='ltr' id='par_1_4' title="bbox 206 2555 1182 3106">
     <span class='ocr_line' id='line_1_18' title="bbox 206 2555 1182 2643; baseline 0.003 -22"><span class='ocrx_word' id='word_1_120' title='bbox 206 2602 209 2620; x_wconf 53' lang='grc' dir='ltr'>ι</span> <span class='ocrx_word' id='word_1_121' title='bbox 253 2559 396 2643; x_wconf 82' lang='lat' dir='ltr'><strong>exemplo</strong></span> <span class='ocrx_word' id='word_1_122' title='bbox 415 2575 586 2629; x_wconf 86' lang='lat' dir='ltr'><strong>cernamus.</strong></span> <span class='ocrx_word' id='word_1_123' title='bbox 630 2558 679 2626; x_wconf 90' lang='lat' dir='ltr'><strong>Ut</strong></span> <span class='ocrx_word' id='word_1_124' title='bbox 696 2555 779 2623; x_wconf 85' lang='lat' dir='ltr'><strong>ferae</strong></span> <span class='ocrx_word' id='word_1_125' title='bbox 799 2561 864 2624; x_wconf 91' lang='lat' dir='ltr'><strong>iste</strong></span> <span class='ocrx_word' id='word_1_126' title='bbox 889 2557 988 2624; x_wconf 90' lang='lat' dir='ltr'><strong>instar</strong></span> <span class='ocrx_word' id='word_1_127' title='bbox 1012 2557 1045 2624; x_wconf 91' lang='lat' dir='ltr'><strong>in</strong></span> <span class='ocrx_word' id='word_1_128' title='bbox 1072 2558 1182 2625; x_wconf 80' lang='lat' dir='ltr'><strong>Socra·</strong></span> 
     </span>
     <span class='ocr_line' id='line_1_19' title="bbox 253 2672 1182 2758; baseline -0.004 -16"><span class='ocrx_word' id='word_1_129' title='bbox 253 2674 336 2756; x_wconf 77' lang='lat' dir='ltr'><strong>tem,</strong></span> <span class='ocrx_word' id='word_1_130' title='bbox 355 2689 510 2758; x_wconf 90' lang='lat' dir='ltr'><strong>tamquam</strong></span> <span class='ocrx_word' id='word_1_131' title='bbox 521 2675 755 2757; x_wconf 87' lang='lat' dir='ltr'><strong>discerpturua,</strong></span> <span class='ocrx_word' id='word_1_132' title='bbox 773 2672 885 2754; x_wconf 92' lang='lat' dir='ltr'><strong>irruit,</strong></span> <span class='ocrx_word' id='word_1_133' title='bbox 901 2672 944 2738; x_wconf 86' lang='lat' dir='ltr'><strong>ita</strong></span> <span class='ocrx_word' id='word_1_134' title='bbox 962 2672 1001 2738; x_wconf 87' lang='lat' dir='ltr'><strong>ab</strong></span> <span class='ocrx_word' id='word_1_135' title='bbox 1019 2673 1079 2738; x_wconf 91' lang='lat' dir='ltr'><strong>hoc</strong></span> <span class='ocrx_word' id='word_1_136' title='bbox 1095 2672 1182 2739; x_wconf 91' lang='lat' dir='ltr'><strong>dein·</strong></span> 
     </span>
     <span class='ocr_line' id='line_1_20' title="bbox 254 2782 1180 2876; baseline -0.003 -17"><span class='ocrx_word' id='word_1_137' title='bbox 254 2811 349 2876; x_wconf 88' lang='lat' dir='ltr'><strong>ceps,</strong></span> <span class='ocrx_word' id='word_1_138' title='bbox 378 2807 415 2858; x_wconf 92' lang='lat' dir='ltr'><strong>ut</strong></span> <span class='ocrx_word' id='word_1_139' title='bbox 438 2782 590 2875; x_wconf 76' lang='lat' dir='ltr'><strong>serpens,</strong></span> <span class='ocrx_word' id='word_1_140' title='bbox 617 2789 738 2856; x_wconf 90' lang='lat' dir='ltr'><strong>deliniri</strong></span> <span class='ocrx_word' id='word_1_141' title='bbox 766 2789 891 2854; x_wconf 88' lang='lat' dir='ltr'><strong>dicitur.</strong></span> <span class='ocrx_word' id='word_1_142' title='bbox 943 2788 1015 2853; x_wconf 88' lang='lat' dir='ltr'><strong>Hoc</strong></span> <span class='ocrx_word' id='word_1_143' title='bbox 1038 2789 1115 2855; x_wconf 90' lang='lat' dir='ltr'><strong>adeo</strong></span> <span class='ocrx_word' id='word_1_144' title='bbox 1141 2790 1180 2856; x_wconf 83' lang='lat' dir='ltr'><strong>de</strong></span> 
     </span>
     <span class='ocr_line' id='line_1_21' title="bbox 254 2902 1181 2992; baseline -0.004 -19"><span class='ocrx_word' id='word_1_145' title='bbox 254 2927 292 2973; x_wconf 92' lang='lat' dir='ltr'><strong>eo</strong></span> <span class='ocrx_word' id='word_1_146' title='bbox 313 2925 443 2992; x_wconf 90' lang='lat' dir='ltr'><strong>usurpat</strong></span> <span class='ocrx_word' id='word_1_147' title='bbox 461 2910 626 2984; x_wconf 87' lang='lat' dir='ltr'><strong>Socrates,</strong></span> <span class='ocrx_word' id='word_1_148' title='bbox 644 2924 727 2971; x_wconf 89' lang='lat' dir='ltr'><strong>nunc</strong></span> <span class='ocrx_word' id='word_1_149' title='bbox 748 2903 881 2986; x_wconf 87' lang='lat' dir='ltr'><strong>primum</strong></span> <span class='ocrx_word' id='word_1_150' title='bbox 899 2922 934 2968; x_wconf 92' lang='lat' dir='ltr'><strong>se</strong></span> <span class='ocrx_word' id='word_1_151' title='bbox 952 2902 1069 2970; x_wconf 87' lang='lat' dir='ltr'><strong>vidisse</strong></span> <span class='ocrx_word' id='word_1_152' title='bbox 1079 2902 1181 2970; x_wconf 88' lang='lat' dir='ltr'><strong>Thra·</strong></span> 
     </span>
     <span class='ocr_line' id='line_1_22' title="bbox 254 3018 1181 3106; baseline -0.006 -17"><span class='ocrx_word' id='word_1_153' title='bbox 254 3023 435 3106; x_wconf 85' lang='lat' dir='ltr'><strong>symachum</strong></span> <span class='ocrx_word' id='word_1_154' title='bbox 454 3022 695 3091; x_wconf 86' lang='lat' dir='ltr'><strong>erubescentem.</strong></span> <span class='ocrx_word' id='word_1_155' title='bbox 738 3020 953 3106; x_wconf 89' lang='lat' dir='ltr'><strong>Quamquam,</strong></span> <span class='ocrx_word' id='word_1_156' title='bbox 976 3018 1063 3100; x_wconf 89' lang='lat' dir='ltr'><strong>quod</strong></span> <span class='ocrx_word' id='word_1_157' title='bbox 1081 3019 1181 3086; x_wconf 90' lang='lat' dir='ltr'><strong>homi-</strong></span> 
     </span>
    </p>

    <p class='ocr_par' dir='ltr' id='par_1_5' title="bbox 121 3134 1200 3805">
     <span class='ocr_line' id='line_1_23' title="bbox 121 3134 1181 3221; baseline -0.006 -13"><span class='ocrx_word' id='word_1_158' title='bbox 121 3190 124 3195; x_wconf 72' lang='lat'><strong>·</strong></span> <span class='ocrx_word' id='word_1_159' title='bbox 254 3141 305 3209; x_wconf 84' lang='lat' dir='ltr'><strong>nis</strong></span> <span class='ocrx_word' id='word_1_160' title='bbox 322 3138 491 3206; x_wconf 86' lang='lat' dir='ltr'><strong>doctrinam</strong></span> <span class='ocrx_word' id='word_1_161' title='bbox 513 3136 642 3217; x_wconf 80' lang='lat' dir='ltr'><strong>attinet,</strong></span> <span class='ocrx_word' id='word_1_162' title='bbox 667 3154 732 3202; x_wconf 91' lang='lat' dir='ltr'><strong>non</strong></span> <span class='ocrx_word' id='word_1_163' title='bbox 753 3150 837 3201; x_wconf 88' lang='lat' dir='ltr'><strong>caret</strong></span> <span class='ocrx_word' id='word_1_164' title='bbox 857 3134 930 3216; x_wconf 90' lang='lat' dir='ltr'><strong>illa,</strong></span> <span class='ocrx_word' id='word_1_165' title='bbox 951 3149 989 3202; x_wconf 91' lang='lat' dir='ltr'><strong>ut</strong></span> <span class='ocrx_word' id='word_1_166' title='bbox 1006 3134 1108 3201; x_wconf 85' lang='lat' dir='ltr'><strong>dicere</strong></span> <span class='ocrx_word' id='word_1_167' title='bbox 1117 3136 1181 3221; x_wconf 83' lang='lat' dir='ltr'><strong>jam</strong></span> 
     </span>
     <span class='ocr_line' id='line_1_24' title="bbox 254 3249 1181 3339; baseline -0.01 -15"><span class='ocrx_word' id='word_1_168' title='bbox 254 3256 467 3338; x_wconf 88' lang='lat' dir='ltr'><strong>instituimus,</strong></span> <span class='ocrx_word' id='word_1_169' title='bbox 490 3252 711 3339; x_wconf 89' lang='lat' dir='ltr'><strong>probabilitate</strong></span> <span class='ocrx_word' id='word_1_170' title='bbox 730 3271 765 3319; x_wconf 85' lang='lat' dir='ltr'><strong>ae</strong></span> <span class='ocrx_word' id='word_1_171' title='bbox 789 3249 1072 3320; x_wconf 67' lang='lat' dir='ltr'><strong>verisimilitudine.</strong></span> <span class='ocrx_word' id='word_1_172' title='bbox 1103 3252 1181 3319; x_wconf 91' lang='lat' dir='ltr'><strong>Pro·</strong></span> 
     </span>
     <span class='ocr_line' id='line_1_25' title="bbox 253 3352 1200 3455; baseline -0.013 -15"><span class='ocrx_word' id='word_1_173' title='bbox 253 3375 366 3441; x_wconf 89' lang='lat' dir='ltr'><strong>harunt</strong></span> <span class='ocrx_word' id='word_1_174' title='bbox 383 3391 448 3438; x_wconf 88' lang='lat' dir='ltr'><strong>eam</strong></span> <span class='ocrx_word' id='word_1_175' title='bbox 464 3370 583 3455; x_wconf 85' lang='lat' dir='ltr'><strong>agendo</strong></span> <span class='ocrx_word' id='word_1_176' title='bbox 601 3367 777 3454; x_wconf 84' lang='lat' dir='ltr'><strong>principes,</strong></span> <span class='ocrx_word' id='word_1_177' title='bbox 802 3365 910 3451; x_wconf 88' lang='lat' dir='ltr'><strong>paucis</strong></span> <span class='ocrx_word' id='word_1_178' title='bbox 931 3352 1087 3450; x_wconf 80' lang='lat' dir='ltr'><strong>exceptis,</strong></span> <span class='ocrx_word' id='word_1_179' title='bbox 1111 3382 1200 3429; x_wconf 87' lang='lat' dir='ltr'><strong>om··</strong></span> 
     </span>
     <span class='ocr_line' id='line_1_26' title="bbox 252 3479 1177 3571; baseline -0.011 -14"><span class='ocrx_word' id='word_1_180' title='bbox 252 3507 332 3571; x_wconf 86' lang='lat' dir='ltr'><strong>nes,</strong></span> <span class='ocrx_word' id='word_1_181' title='bbox 368 3501 528 3571; x_wconf 89' lang='lat' dir='ltr'><strong>quotquot</strong></span> <span class='ocrx_word' id='word_1_182' title='bbox 556 3504 605 3551; x_wconf 85' lang='lat' dir='ltr'><strong>res</strong></span> <span class='ocrx_word' id='word_1_183' title='bbox 633 3502 756 3569; x_wconf 79' lang='lat' dir='ltr'><strong>magnas</strong></span> <span class='ocrx_word' id='word_1_184' title='bbox 786 3483 888 3550; x_wconf 91' lang='lat' dir='ltr'><strong>moliti</strong></span> <span class='ocrx_word' id='word_1_185' title='bbox 919 3496 1008 3549; x_wconf 89' lang='lat' dir='ltr'><strong>sunt.</strong></span> <span class='ocrx_word' id='word_1_186' title='bbox 1059 3479 1177 3567; x_wconf 85' lang='lat' dir='ltr'><strong>Quidi</strong></span> 
     </span>
     <span class='ocr_line' id='line_1_27' title="bbox 251 3590 1179 3689; baseline -0.01 -16"><span class='ocrx_word' id='word_1_187' title='bbox 251 3605 340 3688; x_wconf 89' lang='lat' dir='ltr'><strong>quod</strong></span> <span class='ocrx_word' id='word_1_188' title='bbox 359 3604 429 3689; x_wconf 87' lang='lat' dir='ltr'><strong>ipaa</strong></span> <span class='ocrx_word' id='word_1_189' title='bbox 449 3603 588 3669; x_wconf 91' lang='lat' dir='ltr'><strong>omnium</strong></span> <span class='ocrx_word' id='word_1_190' title='bbox 614 3590 790 3685; x_wconf 82' lang='lat' dir='ltr'><strong>temporum</strong></span> <span class='ocrx_word' id='word_1_191' title='bbox 815 3597 963 3683; x_wconf 90' lang='lat' dir='ltr'><strong>politica,</strong></span> <span class='ocrx_word' id='word_1_192' title='bbox 991 3596 1179 3680; x_wconf 83' lang='lat' dir='ltr'><strong>quamvisa</strong></span> 
     </span>
     <span class='ocr_line' id='line_1_28' title="bbox 250 3712 1177 3805; baseline -0.009 -17"><span class='ocrx_word' id='word_1_193' title='bbox 250 3718 452 3805; x_wconf 89' lang='lat' dir='ltr'><strong>philosophis</strong></span> <span class='ocrx_word' id='word_1_194' title='bbox 482 3738 500 3784; x_wconf 88' lang='lat' dir='ltr'><strong>e</strong></span> <span class='ocrx_word' id='word_1_195' title='bbox 530 3716 710 3785; x_wconf 88' lang='lat' dir='ltr'><strong>melioribus</strong></span> <span class='ocrx_word' id='word_1_196' title='bbox 739 3715 904 3801; x_wconf 87' lang='lat' dir='ltr'><strong>principiis</strong></span> <span class='ocrx_word' id='word_1_197' title='bbox 934 3715 1114 3798; x_wconf 84' lang='lat' dir='ltr'><strong>duceretur,</strong></span> <span class='ocrx_word' id='word_1_198' title='bbox 1143 3712 1177 3781; x_wconf 91' lang='lat' dir='ltr'><strong>in</strong></span> 
     </span>
    </p>

    <p class='ocr_par' dir='ltr' id='par_1_6' title="bbox 145 3829 1177 4032">
     <span class='ocr_line' id='line_1_29' title="bbox 145 3829 1177 3918; baseline -0.011 -10"><span class='ocrx_word' id='word_1_199' title='bbox 145 3832 146 3836; x_wconf 66' lang='grc'>’</span> <span class='ocrx_word' id='word_1_200' title='bbox 246 3837 497 3907; x_wconf 79' lang='lat' dir='ltr'><strong>administrandis</strong></span> <span class='ocrx_word' id='word_1_201' title='bbox 518 3832 656 3918; x_wconf 82' lang='lat' dir='ltr'><strong>gentium</strong></span> <span class='ocrx_word' id='word_1_202' title='bbox 677 3833 795 3916; x_wconf 87' lang='lat' dir='ltr'><strong>rebus,</strong></span> <span class='ocrx_word' id='word_1_203' title='bbox 814 3831 849 3899; x_wconf 94' lang='lat' dir='ltr'><strong>id</strong></span> <span class='ocrx_word' id='word_1_204' title='bbox 871 3834 957 3917; x_wconf 89' lang='lat' dir='ltr'><strong>quod</strong></span> <span class='ocrx_word' id='word_1_205' title='bbox 966 3831 1042 3902; x_wconf 87' lang='lat' dir='ltr'><strong>utile</strong></span> <span class='ocrx_word' id='word_1_206' title='bbox 1055 3829 1177 3916; x_wconf 72' lang='lat' dir='ltr'><strong>magia,</strong></span> 
     </span>
     <span class='ocr_line' id='line_1_30' title="bbox 1084 3965 1174 4032; baseline 0.011 -18"><span class='ocrx_word' id='word_1_207' title='bbox 1084 3965 1174 4032; x_wconf 78' lang='lat' dir='ltr'><strong>quan</strong></span> 
     </span>
    </p>
   </div>
   <div class='ocr_carea' id='block_1_2' title="bbox 280 4097 835 4177">
    <p class='ocr_par' dir='ltr' id='par_1_7' title="bbox 280 4097 835 4177">
     <span class='ocr_line' id='line_1_31' title="bbox 280 4097 835 4177; baseline 0 -22"><span class='ocrx_word' id='word_1_208' title='bbox 280 4097 704 4177; x_wconf 66' lang='lat' dir='ltr'><strong>(albediep01·563·d··</strong></span> <span class='ocrx_word' id='word_1_209' title='bbox 720 4098 784 4159; x_wconf 70' lang='lat' dir='ltr'><strong>eli.</strong></span> <span class='ocrx_word' id='word_1_210' title='bbox 800 4100 835 4157; x_wconf 77' lang='lat' dir='ltr'><strong>C·</strong></span> 
     </span>
    </p>
   </div>
   <div class='ocr_carea' id='block_1_3' title="bbox 0 0 1452 5168">
    <p class='ocr_par' dir='ltr' id='par_1_8' title="bbox 0 0 1452 5168">
     <span class='ocr_line' id='line_1_32' title="bbox 0 0 1452 5168; baseline 0 3"><span class='ocrx_word' id='word_1_211' title='bbox 0 0 1452 5168; x_wconf 95' lang='lat' dir='ltr'><strong> </strong></span> 
     </span>
    </p>
   </div>
  </div>
 </body>
</html>
