2896 5168
622 432 796 492 ..40-

248 607 383 674 rumque
399 565 738 682 studiis'sctiptisque
755 589 1025 672 frequentarentur
1045 610 1078 667 ac
1101 599 1182 665 ceie-

252 710 427 777 brarentur.
456 708 526 773 Nec
545 706 774 792 vero-profecit
792 725 910 776 tantum
934 709 986 776 ilie
1005 731 1023 776 e
1041 713 1185 795 phiioao·

253 828 327 912 phii
353 822 514 894 Platonis:
537 822 616 888 idem
644 825 720 904 hauc
748 826 869 908 mtiqui
900 826 1085 911 philosophi
1107 831 1185 895 doc·¹
1221 805 1225 811 ¹

251 944 388 1020 trinam,
411 938 497 1022 quod
520 940 720 1009 recentiorem
743 944 969 1028 philosophum
989 947 1101 1026 decet,
1122 951 1187 1016 arm
1245 977 1247 982 ·

250 1057 280 1125 si
308 1053 461 1140 subjecit,
490 1055 637 1140 miroque
664 1061 807 1127 acumine
832 1077 862 1127 et
893 1065 1000 1129 studio
1028 1065 1111 1131 ideas
1142 1085 1181 1131 ex

251 1171 352 1258 ipsius
376 1173 489 1240 mentis
516 1191 642 1243 nostrae
668 1184 778 1246 natura
798 1195 829 1244 et
844 1179 1051 1250 ‘facultatibus
1078 1183 1181 1251 duxit.
1242 1192 1250 1209 ·

252 1286 329 1376 Qun
349 1296 427 1357 vero
449 1292 503 1358 iiie
530 1292 662 1375 propius
691 1292 729 1358 ad
761 1293 920 1362 Platonem
952 1297 1100 1374 accessit,
1142 1314 1182 1362 eo

254 1407 352 1491 magis
367 1408 460 1473 nobis
478 1408 689 1474 discernendis
712 1410 880 1491 utriusque
898 1412 1040 1494 placitis,
1061 1411 1182 1494 antiqui

251 1522 436 1608 philosophi
459 1523 641 1608 sententiam
665 1527 789 1615 assequi
808 1527 930 1599 'licebim

295 1640 331 1708 In
353 1638 496 1714 doctriua
526 1639 631 1714 Kantii
656 1644 694 1708 de
714 1642 826 1716 formis
851 1645 1052 1729 intuitionis,
1074 1647 1114 1717 de
1133 1664 1182 1712 ca-

250 1757 404 1844 tegoriis,
425 1757 465 1824 de
481 1759 752 1829 transscendentaii
774 1760 1017 1850 philosophandi
1039 1763 1181 1842 ratione,

199 1889 201 1893 ’
253 1876 462 1958 inprimisque
481 1877 521 1943 de
546 1875 648 1958 ideis,
682 1878 828 1959 placitum
862 1881 1060 1960 dominatur,
1094 1881 1182 1963 quod

254 1994 348 2077 piane
375 1994 470 2058 nobis
493 1995 651 2061 Platonem
674 1993 790 2061 referta
824 1995 885 2061 hoc
908 1998 1000 2078 dico,
1021 2016 1086 2066 non
1108 2011 1182 2066 sen·

252 2111 342 2178 sibus
370 2110 475 2177 omnia
504 2111 617 2178 debere
646 2111 830 2194 hominem,
872 2113 928 2179 sed
958 2135 1051 2198 puras
1080 2114 1181 2199 ipsius

251 2228 425 2298 intellectui
447 2229 549 2297 inesse
570 2229 737 2311 notiones,
761 2248 860 2313 quae,
882 2249 1070 2314 persensus
1099 2231 1183 2299 exci-

254 2365 359 2432 tatae,
381 2369 398 2416 a
423 2349 542 2416 ratione
563 2348 602 2414 ad
623 2350 821 2433 cogitandum
851 2368 886 2415 ac
904 2349 1104 2431 judicandum
1129 2348 1183 2414 ad·

253 2468 402 2535 hibentur
422 2465 490 2532 tn:
525 2467 608 2531 unde
630 2484 773 2551 puram,
798 2482 891 2544 quam
921 2464 1022 2530 dicere
1049 2481 1183 2530 consue·

254 2583 383 2664 vimus,
406 2578 602 2663 geometriam
622 2596 657 2643 ac
675 2579 882 2644 mechanicam
903 2590 934 2642 et
962 2579 1048 2645 ducit
1076 2593 1107 2645 et
1128 2598 1182 2648 ex·

254 2689 362 2783 piicat.
405 2694 468 2760 Sed
490 2693 638 2763 notiones
662 2693 758 2759 hasce
781 2707 812 2764 et
833 2693 953 2774 ideas,
976 2709 1013 2759 ut
1038 2695 1181 2778 objectae

252 2816 367 2897 Plato,
399 2810 487 2894 quod
510 2822 644 2890 vocant,
679 2809 722 2875 ita
752 2809 885 2876 Kantius
912 2809 1076 2895 raq'ccrr‘ra
1105 2831 1182 2881 con·

253 2930 412 3002 sideravit.
467 2928 546 2996 Non
579 2926 669 2996 finxit
703 2927 824 2995 animos
860 2927 1043 3011 homiuum,
1079 2945 1183 2999 antea·

254 3065 349 3137 quam
376 3051 408 3118 in
429 3050 505 3117 haec
533 3066 667 3131 corpora
694 3046 916 3133 migraverint,
939 3047 1056 3116 uidisse
1077 3069 1182 3119 retum

247 3171 371 3258 species
403 3186 498 3253 puras
529 3183 561 3232 et
590 3164 750 3250 integras,
772 3184 904 3246 quarum
932 3183 1016 3232 aune
1039 3169 1182 3236 recorda·

255 3292 343 3357 tione
371 3287 548 3363 discerenta
594 3284 649 3349 sed
668 3282 772 3348 inesse
797 3281 906 3346 statuit
936 3260 1055 3349 homini
1086 3305 1182 3368 puras

254 3406 455 3495 integrasque
482 3413 515 3465 et
546 3400 691 3469 notiones
717 3411 749 3463 et
780 3397 899 3489 ideas,
919 3417 1000 3483 quae
1028 3400 1090 3470 nisi
1118 3403 1182 3489 ipsi

1133 3543 1184 3592 es·

256 3675 262 3685 ι
292 3699 333 3768 (ι)
362 3698 451 3756 Wenn
480 3695 547 3749 abar
575 3698 668 3766 gielde
700 3696 755 3748 alle
788 3713 888 3751 uertere
908 3699 1093 3755 Erksnniur'aa
1113 3700 1185 3751 mit

254 3799 306 3850 der
332 3797 495 3869 Brsaltrutrg
519 3797 639 3858 muliebr,
672 3813 703 3847 ao
735 3799 892 3864 enispn'ngt
921 3798 963 3846 ar'a
991 3797 1089 3847 darum
1114 3792 1185 3844 doale

257 3895 337 3949 nicht
361 3893 427 3945 ebera
453 3894 509 3945 011·
539 3910 612 3944 aaa
634 3896 682 3947 der
701 3894 872 3967 Effultrurrg·
909 3893 1080 3948 cristatam
1099 3908 1122 3941 r·
1147 3891 1183 3944 V.

256 3990 334 4053 ¹Br'ul.
352 4009 369 4059 p
398 4008 423 4041 a.
528 4035 537 4041 .
