2896 5168
767 482 941 541 ..16-

380 662 442 737 aeale
460 665 518 729 raia
537 662 690 729 σκευωςῶν
720 635 832 736 omae,
854 632 958 720 aarum
981 651 1129 733 umbras,
1145 628 1312 739 quaeum

358 779 414 842 'te
429 790 510 842 sunt·
525 775 635 858 facta.
680 771 829 838 Eminent
858 789 955 855 supra
985 789 1107 836 murum
1138 789 1211 837 cum
1237 767 1311 836 uasa

378 891 483 957 omnia
503 887 644 974 generis,
665 904 732 953 tum
756 903 873 954 statuae
901 887 1083 968 hominum,
1105 880 1225 968 aliaque
1245 898 1307 951 tam

378 1005 522 1092 lapidea,
557 1026 648 1088 quam
681 1005 782 1091 lignea
806 1006 972 1086 animalia,
1005 1023 1070 1070 arte
1104 1001 1206 1084 lacta,
1230 1022 1311 1084 quo·

379 1142 448 1190 rum
465 1121 589 1189 ⁴'fornace
621 1123 653 1190 in
686 1124 1004 1207 advetsl·speluncae
1034 1134 1121 1203 parte
1144 1113 1306 1203 apparent.

377 1240 455 1328 Quo
485 1241 647 1326 hominurn
680 1240 902 1326 significatur,
946 1236 1001 1320 qui
1038 1237 1098 1301 toti
1131 1229 1309 1301 iri'rlurldo'

376 1358 547 1442 spectabili
562 1359 696 1439 vivant,
718 1358 836 1442 abjecta
864 1355 1026 1436 conditio,
1047 1362 1086 1419 nt
1099 1358 1166 1419 non
1192 1343 1310 1432 res'ip·

375 1491 428 1542 aas
459 1489 492 1541 et
511 1493 561 1540 ne
588 1474 751 1540 simulacra
783 1473 909 1557 quidem
942 1490 1069 1552 rerum,
1111 1469 1166 1536 sod
1192 1463 1306 1533 hoium

375 1592 482 1684 solum
511 1591 745 1657 simulacrorum
773 1589 898 1656 umbras
932 1567 1118 1673 adspiciam.
1133 1614 1152 1625 ··
1182 1565 1310 1651 Debent

375 1709 431 1776 llas
454 1707 516 1774 illis
536 1711 766 1795 Φωνταισμαὶτων
789 1706 993 1787 auctoribus,
1025 1718 1090 1782 τοῖς
1108 1702 1311 1784 εὶδῶλων”μι·

375 1825 512 1910 amre,
546 1825 652 1906 quues
680 1826 791 1909 poetae
810 1837 884 1888 sont
908 1820 1075 1907 praecipue
1095 1837 1130 1888 et
1152 1813 1304 1885 oratores.

374 1929 471 2010 Unde
499 1941 702 2025 intelligitur,
736 1955 851 2023 quanta
879 1938 920 2006 sit
944 1939 1031 2024 vulgi
1054 1935 1306 2018 masuarinsi

376 2055 503 2140 quidem
519 2056 558 2122 ab
577 2057 689 2125 horum
708 2074 763 2122 ore
783 2056 936 2139 pendeat,
957 2074 1016 2121 nee
1035 2054 1222 2138 quidquam,
1234 2048 1314 2117 'nisi-

374 2172 461 2252 quod
487 2171 519 2238 hi
545 2172 736 2253 ostendunt,
757 2190 867 2238 verum
891 2187 1075 2256 certumque
1102 2170 1226 2239 lrabeat.
1262 2163 1307 2236 ld

373 2287 567 2372 significasse
593 2289 682 2355 Plato
704 2287 796 2354 initio
816 2286 941 2356 fabulae
970 2290 1106 2357 videtur.

415 2405 540 2491 Qu⁰d⁵i
568 2407 631 2491 lam
662 2412 800 2476 παιδείαν
829 2407 1027 2484 quaerimus,
1062 2425 1123 2483 qua
1147 2396 1306 2468 erroiiliu's

372 2522 459 2589 hisce
485 2521 628 2584 homines
651 2530 682 2581 et
706 2520 843 2582 extremi
865 2516 996 2582 stultitia
1014 2517 1186 2582 liberentur
1199 2514 1217 2582 τ’
1243 2507 1306 2582 hire

373 2634 457 2702 enirn
484 2647 604 2717 spectat
636 2631 743 2698 fabula
772 2631 924 2699 maxime:
960 2631 992 2697 id
1023 2633 1161 2700 efficem
1182 2627 1308 2700 dfmdle
1431 2674 1433 2681 ·

376 2749 504 2819 omnino
532 2747 694 2832 negotium
724 2763 785 2815 est.
829 2747 911 2815 Nam
939 2766 989 2815 res
1003 2749 1053 2814 illi
1068 2749 1155 2832 <ipsas
1172 2753 1212 2816 'se
1226 2752 1308 2815 coii-

376 2867 517 2952 templari
547 2881 580 2932 et
607 2880 720 2948 putant
752 2878 785 2931 et
813 2880 1019 2949 asseverant,
1059 2867 1180 2953 qnippe
1201 2870 1306 2951 esse,

376 2997 498 3072 praeter
527 2982 675 3062 umbras,
707 2981 765 3048 alia
787 2983 934 3064 quaedam
955 3002 996 3050 ne
1014 2986 1212 3069 suspicantes
1234 2988 1307 3072 'qul-

375 3103 462 3171 demt
484 3118 516 3168 et
534 3119 611 3167 vero
630 3100 823 3165 delectantur
843 3099 933 3168 iidem
953 3102 1003 3168 his
1023 3103 1140 3170 umbris
1161 3100 1303 3174 mirifice.

375 3216 567 3300 Principium
596 3216 720 3299 quidem
732 3199 847 3300 'justae
881 3221 1019 3295 walaiae
1046 3219 1109 3284 hoe
1138 3235 1210 3300 est,
1225 3216 1230 3247 ³
1245 3218 1306 3303 ut,

378 3329 501 3421 rejectis
527 3333 631 3416 poetis
658 3347 754 3413 atque
780 3333 978 3414 oratoribus,
998 3336 1067 3418 ipsa
1081 3331 1308 3420 adspectabllis

378 3448 486 3536 mnudi
514 3449 694 3528 simulacra,
718 3468 853 3531 quorum
876 3449 998 3519 umbras
1017 3454 1161 3521 viderunt
1180 3457 1308 3540 adhuc,

379 3565 568 3650 respiciant:
592 3579 658 3630 tum
678 3565 761 3650 ipsas
784 3586 833 3633 res
856 3583 940 3636 extra
963 3570 1046 3637 hunc
1064 3575 1213 3642 mundum
1232 3594 1308 3641 con·

378 3684 622 3768 templabuntur.
666 3677 728 3750 Sed
757 3685 819 3751 hoc
848 3683 925 3752 illud
953 3705 1024 3770 est,
1051 3693 1139 3774 quod
1159 3687 1329 3775 deinceps.

379 3802 590 3890 explicaturus
611 3801 756 3869 Socrates
776 3817 862 3869 erat:
892 3805 1091 3889 nuneigitur
1109 3820 1219 3891 pergat-
1235 3823 1309 3873 nar·

379 3936 459 3994 ram.
510 3918 733 3991 Animadverte
755 3920 841 4003 itur,
870 3917 994 4002 inquit,
1026 3923 1227 3988 vinculorum
1249 3930 1308 3988 ‘stt'u

382 4034 534 4104 lotionem
562 4032 817 4120 ignonuuaeque
842 4032 1058 4117 emotionem
1074 4025 1183 4120 qualis
1200 4036 1284 4106 loru
1297 4043 1321 4121 ’,·’

1285 4177 1313 4227 sr
