2896 5168
621 482 812 553 ..130-

256 653 357 735 aperit
385 651 464 716 ratio
489 651 696 734 magistriam
726 652 758 715 in
785 652 896 717 oculos
917 653 1010 720 nobis
1034 655 1176 726 incurrit.

255 767 331 832 Non
358 768 410 832 ille
446 768 616 848 continuo,
650 767 721 848 quis
752 765 890 849 optimus
922 770 963 835 alt
992 772 1180 856 reipublicae

255 897 376 963 status,
410 882 552 965 quaerit3
597 885 652 948 sed
680 884 739 947 hoc
768 883 886 949 seilicet
916 885 1001 968 agit,
1024 904 1082 972 ut,
1102 892 1181 972 quid

217 1006 220 1018 '
251 1004 370 1083 justum
396 999 456 1077 sit,
497 998 573 1079 quid
598 998 772 1082 injustum,
803 1002 942 1081 exploret
968 1021 1003 1067 ac
1030 1005 1176 1073 definiata

256 1117 341 1199 quod
369 1115 488 1180 ethicae
509 1117 608 1180 multo
632 1113 750 1196 magis,
785 1133 875 1194 quam
906 1118 1051 1199 politicae
1079 1122 1182 1203 philo·

254 1233 382 1316 sophiae
397 1245 609 1315 argumentum
628 1245 690 1295 eat.
727 1231 776 1295 -Et
797 1233 922 1297 veroin
943 1236 1069 1301 exordio
1090 1239 1178 1304 Plato

254 1364 319 1412 non
342 1347 538 1412 exercitatum
570 1347 663 1412 rebus
688 1347 833 1413 civilibus
862 1367 897 1413 ac
928 1349 1113 1420 militaribus
1134 1353 1182 1419 vi·

255 1482 349 1553 rum,¹
381 1481 444 1528 non
479 1462 648 1546 principem
685 1462 841 1543 civitatis,
880 1465 964 1529 omni
986 1444 1117 1533 ¹laudum
1143 1489 1177 1537 ac

254 1581 368 1665 gloriae
406 1598 515 1662 genere
550 1581 761 1657 cumulatum,
805 1595 840 1643 ut
873 1581 957 1662 apud
996 1582 1177 1650 Ciceronem

252 1694 591 1777 L.ScipioAfricanus
623 1710 689 1774 eat,
722 1693 872 1761 dicentem
901 1696 1043 1773 inducit,
1076 1701 1132 1766 sed
1159 1721 1177 1766 a

252 1812 387 1881 Socratis
408 1812 488 1878 illud
514 1831 584 1877 cum
602 1812 770 1894 Cephalo,
792 1813 914 1894 optimo
943 1831 1038 1895 sene,
1062 1835 1179 1882 sermo·

252 1931 345 1996 nibus
372 1929 496 2011 repetit.
561 1927 614 1994 Sic
646 1940 746 1992 autem
781 1928 841 1992 hos
873 1929 911 1993 de
939 1944 1098 1995 senectute
1125 1934 1181 1997 de·

252 2064 315 2127 que
345 2046 461 2127 optima
488 2043 615 2110 vivendi
645 2044 765 2108 ratione
793 2043 987 2123 disputantes
1020 2043 1111 2125 facit,
1141 2061 1177 2110 ut

252 2178 365 2244 sponte
387 2178 488 2225 sermo
508 2161 545 2225 ad
563 2158 701 2244 justitiae
720 2144 888 2240 beataeque
905 2157 986 2223 vitae
1004 2160 1180 2240 rationem,

252 2296 330 2360 quae
358 2277 497 2358 primaria
529 2275 658 2342 Ethicae
686 2273 825 2338 nrateriea
855 2288 924 2354 est,
958 2277 1081 2341 tendat:
1124 2277 1178 2342 cui

250 2380 413 2475 prooemio
444 2408 549 2473 totus,
582 2404 619 2456 ut
647 2389 804 2470 vidimus,
834 2389 977 2473 dialogus
998 2394 1177 2474 respondet.

251 2510 377 2576 Factum
409 2508 449 2574 ita
469 2524 537 2590 est,
570 2525 604 2572 ιιι
626 2507 703 2572 idem
725 2506 788 2570 lroc
810 2509 1002 2589 prooemium
1031 2509 1179 2575 Ciceroni

252 2644 321 2690 cum
361 2625 501 2705 material,
536 2640 602 2690 tum
632 2620 722 2687 etiam
755 2621 879 2704 sormi,
913 2627 1175 2707 opportunitatem

251 2743 368 2808 dederit
388 2745 424 2808 ad
445 2741 589 2808 Catonem
617 2738 834 2821 scribendum,
857 2759 922 2822 quo
942 2739 1083 2803 dumille
1103 2755 1179 2820 ope·

252 2862 285 2924 rll
306 2859 343 2923 de
368 2871 543 2933 senectute,
574 2856 613 2920 de
638 2853 778 2919 moribus
802 2871 896 2937 atque
916 2854 1035 2934 optimll
1060 2852 1176 2918 felicis·

251 2973 391 3053 simaquc
423 2973 486 3039 vitl
515 2971 592 3053 egit.
640 2973 715 3057 Quo
743 2971 840 3054 magis
868 2971 920 3034 iric
944 2969 1119 3050 cernimus,
1141 2986 1177 3036 ut

248 3093 407 3175 politicum
449 3090 615 3155 Ciceronis
649 3106 730 3171 opus
761 3102 832 3167 est,
868 3086 911 3150 ira
947 3087 1006 3149 hoc
1040 3087 1177 3153 Platonis

253 3224 334 3286 opus
357 3205 505 3270 Ethicam
527 3206 654 3288 proprie
673 3201 851 3283 complecti.

294 3322 355 3388 Sed
383 3320 525 3402 quamvis
557 3321 599 3383 ita
628 3336 660 3383 et
689 3318 803 3382 Cicero
830 3330 861 3379 et
882 3315 970 3380 Plato
1004 3318 1033 3382 iu
1065 3319 1177 3401 prima·

254 3437 301 3502 rio
339 3437 502 3501 scribendo
539 3435 620 3500 irino
654 3433 808 3497 diversum
841 3431 1002 3497 habuerint
1033 3435 1180 3517 proposi·

253 3567 343 3631 tum,
368 3554 497 3616 multum
523 3533 622 3614 tamen
649 3549 755 3626 abest,
780 3563 815 3613 ut
841 3568 910 3614 curn
933 3549 1075 3616 Ethicam
1105 3552 1176 3630 ille,

253 3681 317 3731 tum
343 3666 393 3732 hic
416 3665 574 3731 Politicam
598 3663 766 3745 neglexerit
794 3683 935 3747 prorsus.
980 3667 1078 3732 Recte
1099 3665 1177 3733 vidit

253 3782 388 3859 Cicero,
414 3781 526 3844 nullam
550 3780 617 3842 sine
638 3780 777 3843 moribus
799 3801 866 3845 esse
886 3782 1040 3848 civitatem
1062 3802 1176 3866 posse3

253 3895 339 3958 Plato
378 3913 509 3972 autem,
553 3913 616 3974 quo
655 3896 796 3961 Ethicam
840 3898 1007 3963 illustraret
1050 3899 1172 3981 magis,

252 4012 288 4075 ad
323 4010 487 4092 perfectam
514 4008 649 4075 civitatis
681 4010 808 4078 formam
847 4013 1001 4078 hominem
1035 4015 1178 4079 excolen·

1104 4133 1173 4196 dum
