2896 5168
627 448 671 465 -
690 428 754 493 nro
774 438 820 457 -

248 614 344 681 qnam
377 614 439 659 esse
463 595 533 661 neelt
557 596 593 655 in
621 590 705 656 nobis
727 594 861 678 positam
892 603 922 655 et
949 588 1176 656 noluntariant.

250 712 333 779 Visis
351 685 410 775 non
428 710 562 777 omnibus
579 707 768 793 adjungebat
786 706 903 789 fidem,
928 701 985 771 sed
994 708 1034 769 t'is
1056 706 1178 782 solunt,

249 849 332 913 quae
370 833 532 916 propriam
573 826 732 913 quandam
761 824 910 889 haberent
936 821 1179 886 declarationem

249 966 358 1009 earum
397 965 534 1024 rerum,
577 966 658 1029 qteae
691 944 875 1011 riderentur
885 964 898 1008 .·
939 938 976 1004 id
1009 954 1114 1004 autem
1135 939 1183 1004 ni·

250 1082 317 1129 tunt
347 1081 417 1125 cum
449 1064 549 1146 ipsum
588 1080 647 1149 per
678 1082 709 1125 se
741 1074 957 1140 cerneretur,
998 1070 1182 1143 eompre-
1271 1132 1274 1137 .

252 1178 486 1242 bensibiie.
545 1178 666 1243 Ferett's
696 1179 799 1242 haeai
829 1212 875 1227 -
906 1176 971 1239 Nos
1003 1194 1101 1253 nero,
1133 1174 1183 1236 t‘n-

253 1294 322 1377 qnit
335 1310 348 1349 .·
380 1314 512 1377 quonam
534 1298 613 1357 enim
638 1290 722 1355 moa'o
742 1293 937 1364 nurinnnron
962 1289 1107 1355 diceres?
1135 1322 1184 1341 -

251 1406 335 1484 Sca,
358 1428 427 1473 oum
444 1422 599 1491 acceptum
612 1405 684 1487 jam
705 1419 734 1467 et
754 1402 960 1489 approbatum
980 1416 1074 1482 esset,
1095 1423 1185 1465 com·

246 1524 552 1611 prehensionem
585 1519 793 1607 appellabat,
824 1520 953 1585 similem
991 1521 1031 1583 iis
1065 1516 1180 1596 rebus,

249 1657 331 1723 quae
368 1656 465 1701 manu
499 1636 757 1724 prenderentur:
788 1658 827 1701 es
853 1658 913 1715 auo
946 1638 1040 1700 etiam
1075 1655 1182 1700 nomen

223 1754 306 1818 tuo
328 1750 489 1833 duxerat,
520 1775 590 1819 oum
614 1775 647 1821 eo
672 1754 762 1821 norbo
785 1770 860 1819 ante
893 1774 981 1818 nemo
1003 1753 1068 1817 tali
1088 1755 1122 1815 in
1146 1771 1183 1815 re

251 1890 325 1939 usses
363 1886 461 1937 esset:
488 1872 695 1958 plurimisque
727 1872 807 1936 idem
839 1874 923 1936 nonis
957 1869 1060 1935 tarbis
1086 1870 1185 1951 (nona

253 1990 335 2052 enim
368 1984 507 2070 dicebat)
538 2012 610 2053 usus
634 2007 691 2054 est.
748 1987 837 2073 Quod
865 2004 970 2053 antem
995 2002 1068 2052 erat
1096 2006 1186 2053 sensu

251 2104 518 2191 comprehensum,
541 2104 692 2193 idipsum
710 2128 838 2171 sensu
850 2126 879 2167 m
907 2104 1108 2191 appellabat,
1130 2117 1183 2177 et,

251 2222 280 2287 si
306 2223 355 2285 ita
383 2238 455 2285 erat
474 2224 741 2307 comprehensum,
763 2240 798 2287 ut
827 2224 956 2288 eonnelli
977 2226 1098 2287 ratione
1127 2241 1189 2286 non

249 2354 371 2427 posset,
403 2342 587 2406 seientiam:
616 2344 665 2407 sin
691 2340 808 2420 aliter,
841 2343 1113 2405 inscientiam
1135 2360 1189 2405 no·

256 2455 422 2521 minabat:
442 2478 482 2523 en
511 2478 577 2542 qua
604 2462 765 2521 exsisteret
788 2462 882 2521 ctiam
914 2461 1075 2543 opinio,
1104 2476 1185 2542 quae

254 2585 330 2637 esset
351 2571 505 2635 imbecilla
537 2587 566 2635 et
596 2592 666 2635 cum
700 2574 787 2652 jaiso
812 2578 1027 2659 incognitoque
1055 2595 1188 2639 commn-

257 2689 327 2765 nis;
357 2685 412 2750 sed
441 2691 527 2750 inter
554 2689 714 2775 scientiam
743 2703 774 2751 et
792 2692 973 2752 incien'ian
994 2692 1188 2776 comprehen-

254 2803 365 2865 sionem
397 2801 508 2879 illnm‚
530 2823 624 2887 quam
651 2802 742 2879 dim,
772 2805 964 2882 collocabat,
984 2828 1080 2889 quum
1105 2828 1189 2871 eam·

257 2938 316 3001 que
342 2936 438 3002 neque
456 2928 491 2982 r'n
515 2922 624 3006 pranis
644 2922 853 3000 numerabat,
884 2920 937 2987 sed
955 2924 1011 2988 soli
1029 2923 1190 2988 creden·

255 3029 346 3097 dum
386 3048 461 3101 esset
489 3034 610 3102 dicabat
643 3038 699 3103 (¹).
746 3039 781 3105 ld
813 3039 889 3121 ille,
924 3042 1011 3123 quod
1042 3058 1078 3107 ut
1109 3042 1183 3108 item

258 3164 392 3217 testatur
422 3153 559 3233 Cicero,
582 3172 673 3237 gestu
697 3156 896 3224 conficiebat.
953 3159 1067 3240 Nam,
1091 3181 1187 3246 quum

257 3273 391 3335 extensis
409 3269 537 3356 digitis,
560 3271 627 3353 ait,
654 3271 818 3339 adversam
838 3296 964 3341 manum
986 3275 1185 3359 ostenderat,

256 3390 411 3467 nisum,
439 3387 624 3473 inquiebat,
653 3390 826 3476 hru‘snmodi
854 3408 921 3458 est:
957 3391 1084 3476 deinde,
1117 3415 1186 3461 anm

159 3528 168 3543 ·
251 3503 397 3589 paullum
424 3508 536 3588 digitos
564 3512 820 3589 constrinxerat,
861 3530 1052 3577 assensus
1082 3513 1191 3587 hujus·

257 3628 340 3695 morli
350 3646 364 3692 .·
384 3643 475 3707 tum,
498 3645 567 3690 oum
583 3626 911 3713 planecompresserat
920 3645 1123 3715 pugnumque
1136 3630 1191 3714 se·

256 3760 369 3827 cerat,
391 3745 795 3831 comprehensionem
830 3745 919 3809 iilam
950 3766 1011 3811 esse
1041 3744 1186 3812 dicebat:

1168 3882 1190 3925 a

293 3966 340 4033 (ι)
361 3966 417 4018 Cic.
436 3963 520 4018 Aean
537 3961 661 4034 Quaem..
670 3962 695 4019 1.
723 3982 747 4017 c.
766 3982 808 4019 ιι.
830 3966 874 4022 Cf·
884 3966 964 4020 Plot.
982 3971 1014 4022 de
1019 3971 1104 4041 ploe-¹
1113 3882 1188 4037 pqlz'i.

264 4063 317 4123 lv.
334 4064 360 4117 8.
