2896 5168
753 426 946 522 ’⁶⁰⁸⁴

369 609 464 685 rond,
506 605 722 672 escendentem
761 603 827 668 (ὓς
870 605 1106 690 metaphysicam
1149 627 1300 681 vocarunt

364 721 506 811 posteri:
531 739 611 804 quae
628 719 782 801 antiquo,
804 718 860 785 sed
889 720 1108 806 multomagis
1129 724 1221 792 etlam
1252 747 1300 796 re·

363 840 503 906 centiore
529 855 607 903 aevo
636 836 788 904 invaluit:
814 835 860 902 sic
882 853 986 905 autem
1017 839 1146 905 invaluit
1168 855 1298 908 tantam·

363 973 427 1039 que
462 967 551 1018 nacta
589 955 803 1020 auctoritatem
835 969 908 1035 est,
952 969 987 1021 ut
1027 961 1096 1044 ipso
1140 957 1296 1025 diceretur

356 1068 550 1159 philosophia
576 1087 667 1150 esse,
690 1070 729 1135 ad
760 1073 894 1156 ejusque
918 1072 1070 1155 principia
1092 1088 1124 1141 et
1143 1075 1294 1143 rationem

360 1182 478 1249 nullius
511 1201 574 1250 non
605 1185 810 1267 philosophi,
845 1188 950 1269 paullo
981 1189 1106 1270 quidem
1134 1194 1298 1261 sublimio·

360 1297 427 1391 ris,
448 1298 587 1367 doctrina
612 1303 807 1385 exigeretur,
829 1302 865 1366 ac'
890 1304 977 1369 Plato
1000 1322 1061 1369 una
1090 1324 1161 1370 cum
1195 1327 1297 1377 caete·

360 1413 403 1479 ris
424 1413 456 1478 in
481 1416 704 1498 metaphysicis
727 1431 917 1483 censeretur.
961 1419 1021 1501 Id,
1043 1420 1070 1484 si
1092 1421 1168 1502 quid
1186 1422 1293 1504 aliud,
1358 1493 1362 1501 ,

359 1530 591 1615 philosophiam
625 1531 837 1614 Platonicam,
863 1530 1010 1615 'quamuis
1037 1536 1233 1620 perspicuam
1262 1552 1295 1603 et

360 1648 554 1733 simplicem,
587 1647 754 1714 obscuram
784 1648 938 1730 reddidit,
960 1648 1130 1733 effecitque
1153 1666 1188 1716 ut
1220 1651 1295 1719 doc·

358 1765 440 1833 trina
469 1764 652 1853 philosophi
684 1765 724 1832 de
750 1765 867 1831 mundo
897 1771 1013 1851 νοητῷ,
1054 1766 1093 1832 de
1115 1767 1214 1850 ideis,
1254 1768 1295 1836 de

359 1885 418 1951 hnc
441 1883 474 1950 in
498 1883 607 1967 primis
632 1882 709 1948 boni
729 1881 820 1963 idei,
842 1900 931 1965 aegre
955 1881 1050 1948 nobis
1074 1859 1292 1968 etiamnunc,

360 1999 483 2099 ,quippg
509 2001 649 2065 nondum
682 1999 782 2080 satis,
814 1999 968 2082 quicquid
1000 1999 1133 2067 Ksntius
1164 2002 1292 2070 molitus

237 2165 248 2178 .
356 2129 428 2198 est,
457 2136 475 2182 a
500 2116 700 2200 philosophia
726 2116 969 2200 metaphysicam
999 2118 1289 2203 distinguentibus,

356 2231 558 2320 intelligatur.
604 2234 700 2313 Nos,
735 2252 800 2314 quo
828 2234 924 2317 magis
953 2235 1066 2317 placita
1093 2235 1231 2303 Platonis
1253 2237 1293 2305 de

355 2349 433 2417 ideis
462 2349 632 2416 lectoribus
655 2369 733 2433 pura
759 2365 790 2416 et
822 2350 940 2435 integra
967 2371 1240 2439 proponeremus,
1271 2375 1289 2427 a

355 2467 546 2536 Cartesianis
586 2468 637 2531 illa
673 2466 818 2550 placitis,
864 2467 941 2546 quin
977 2467 1070 2532 etiam
1108 2488 1127 2534 a
1161 2471 1289 2536 Kantio-

354 2583 430 2661 uis,
463 2581 651 2664 quibuscum
675 2581 869 2644 conveniunt
894 2579 1046 2660 maxime,
1069 2581 1284 2650 discrevimus.

321 2680 327 2693 ¹
353 2696 478 2792 Quodsi
510 2697 649 2780 ejusdem
680 2695 856 2761 universam
888 2696 927 2761 de
953 2698 1071 2763 mundo
1099 2705 1188 2785 νοητῷ
1213 2701 1286 2767 doc.

353 2813 463 2880 trinam
493 2811 596 2878 animo
633 2827 745 2877 nostro
777 2810 892 2895 pariter
922 2831 1032 2895 puram
1068 2829 1100 2879 et
1135 2815 1284 2901 integram

353 2944 580 3016 repraesentare
616 2930 779 3010 velimus,
822 2930 889 3012 pari
926 2932 1004 2996 hane
1041 2930 1201 3016 diligentii
1243 2933 1282 2999 ab

352 3047 536 3117 Aristotelis
566 3046 780 3143 metaphysica
809 3045 985 3113 discernere
1017 3048 1189 3131 oportebit.
1209 3126 1213 3137 ¹
1232 3050 1285 3117 Sic

351 3167 478 3236 demum
503 3165 670 3235 sublimem
698 3165 837 3230 Platonis
863 3165 903 3230 de
932 3164 1003 3230 Deo
1026 3167 1208 3257 sententiam
1237 3167 1285 3233 in.

235 3270 240 3277 ⁴
352 3284 529 3375 telligemus
559 3295 669 3361 recte,
699 3294 765 3344 tum
788 3279 848 3345 hoc
878 3279 976 3358 item,
1007 3280 1045 3344 ad
1077 3282 1284 3362 quodmodo

338 3382 560 3474 accessimus,
583 3413 648 3461 non
670 3396 773 3462 Deum
800 3394 882 3477 apud
911 3411 982 3460 eum
1007 3392 1082 3461 boni
1100 3393 1203 3462 ideam
1233 3416 1284 3467 ess

351 3532 408 3595 se,
442 3511 498 3578 sed
529 3512 567 3578 ad
604 3511 682 3579 hanc
712 3513 809 3579 ideam
838 3511 939 3578 Deum
955 3512 1130 3597 mundum,
1152 3511 1282 3583 formas·
1351 3494 1352 3498 Ἰ

352 3647 402 3707 3⁰·
1276 3704 1281 3715 ,

1167 3808 1170 3815 .
1206 3744 1281 3810 Dis·

349 3993 428 4078 ⁸it)
449 3991 564 4048 Ariaiol.
581 3995 706 4065 Meropo.
725 3994 780 4073 ΙΙΙ.
799 3997 823 4048 5.
840 4013 868 4063 p.
887 3995 930 4046 53.
