2896 5168
569 453 747 502 -21-

190 609 292 676 Velim
325 612 479 693 equldem.
502 646 548 664 -
575 616 658 682 Vide
680 619 743 702 jann
774 615 977 699 intelligibilis
999 622 1119 704 generis

189 731 383 812 sectionem,
405 708 661 815 quemadmodum
679 735 893 801 dissecandum
905 735 957 799 sit.
980 770 1026 785 -
1045 739 1118 822 Qua

188 848 244 913 tibi
274 848 394 914 ratione
419 850 568 916 videtur?
591 885 633 901 ·-
656 852 784 930 Haece,
807 867 842 916 ut
866 851 897 915 in
919 852 1013 917 alteri
1033 868 1120 933 purte

184 965 305 1031 animus
336 964 421 1044 illis,
465 984 545 1046 quae
572 968 666 1030 modo
697 967 920 1046 discrevimus,
959 982 1114 1049 tamquam

183 1079 357 1146 simulacris
381 1095 494 1162 utens,
528 1082 685 1163 inquirere
713 1100 842 1168 cogatur
871 1084 924 1149 ab·
947 1087 1115 1155 ὑποθέσεσιν

184 1196 282 1277 inde,
315 1214 379 1261 non
407 1200 447 1263 ad
474 1198 686 1284 principium,
725 1202 778 1266 scd
804 1201 959 1268 adfinem
988 1218 1117 1283 progre-

184 1315 295 1380 diens:
329 1315 361 1380 in
383 1317 478 1381 alteri
509 1335 585 1381 vero
607 1330 695 1398 parte
725 1318 763 1382 ad
790 1316 985 1419 principium
1002 1298 1136 1386 altuni?

76 1465 80 1472 ·
185 1435 266 1502 θετον
293 1433 422 1513 tendat,
440 1450 482 1497 ex
511 1436 643 1502 ὑποθέσει
658 1434 850 1511 escandens,
872 1451 907 1497 ac
931 1431 1001 1498 sine
1020 1430 1117 1496 simu·

182 1548 297 1629 lucris,
321 1568 400 1630 quae
425 1549 497 1613 huc·
518 1549 714 1630 referuntur,
744 1549 822 1633 ipsis
849 1546 927 1615 ideis
948 1566 1004 1630 per
1024 1548 1117 1613 hasce

181 1665 268 1750 ipsas
304 1666 425 1732 ratione
463 1665 637 1749 procedens
671 1664 713 1736 θ).
768 1665 866 1753 Qudd
896 1679 1064 1747 postquam
1097 1680 1116 1731 e

180 1782 368 1868 geometriae
396 1802 431 1848 ac
458 1783 634 1848 dialecticae
667 1781 829 1866 disciplina
860 1780 1026 1848 declaravit
1053 1781 1114 1847 So·

180 1916 300 1982 crates,
331 1900 476 1979 Glauco,
510 1900 671 1984 intellig0‚
702 1899 824 1980 inquit,
848 1915 938 1980 aegre
962 1896 1112 1978 quidem,

179 2033 237 2081 nec
266 2016 362 2082 satis:
394 2016 511 2080 videris
532 2017 613 2082 enim
637 2015 712 2082 milri
738 2015 853 2100 grande
884 2033 967 2097 opus
989 2013 1111 2097 moliri;

179 2133 261 2199 velle
289 2147 391 2197 autern
421 2147 451 2195 te
478 2134 646 2213 suspicor,
678 2133 790 2198 clarius
816 2151 887 2198 esse
905 2131 1001 2211 illud,
1024 2130 1114 2211 quod

177 2251 210 2314 in
231 2248 270 2313 iis
302 2264 381 2325 quoe
410 2261 485 2309 sunt
511 2262 675 2310 et-mcnte
706 2246 942 2328 percipiuntur,
976 2245 1113 2312 dialecti·

137 2364 140 2368 ’
177 2382 232 2430 cae
259 2360 388 2428 scientia
420 2375 601 2442 spectatur,
625 2377 715 2439 quarn
747 2361 833 2438 quod
854 2379 910 2439 per
929 2375 1010 2425 artes
1036 2360 1110 2441 quis

174 2474 301 2561 assequi
328 2478 471 2554 studeat,
500 2475 616 2555 quibus
649 2474 801 2557 principia
829 2478 977 2563 ὑποθέσεις
1014 2489 1106 2542 sunt:

174 2598 286 2679 διοινοὶοι
310 2592 355 2656 illi
379 2592 410 2655 in
431 2591 600 2672 spectando
619 2589 664 2654 uti
681 2591 814 2669 debent,
835 2607 899 2653 non
920 2595 1110 2670 diffiniemus

172 2717 237 2784 itai
266 2714 296 2781 δὲ
325 2713 358 2779 τὸ
383 2712 426 2791 μὴ
451 2713 498 2777 ἐτ’
528 2713 625 2792 ἀρχὴν
652 2711 1004 2786 circumrodentium,
1026 2715 1102 2781 dtr·

173 2832 208 2912 ἔξ
236 2829 418 2903 ὑποθέσεων,
447 2831 539 2895 νοῦν
566 2831 617 2893 οὐκ
648 2829 747 2910 ἴσχειν
776 2829 840 2909 περὶ
871 2830 954 2895 αὐτοὶ
987 2832 1104 2899 δοκοῦσί

172 2968 235 3015 σοι,
257 2942 353 3008 κιιΙτοι
375 2947 480 3027 νοητῶν
503 2940 590 3007 ὄντων
618 2946 700 3018 μετὰ
729 2945 838 3022 ἀρχῆς·
861 2942 1044 3010 διάνοιοιν
1071 2946 1103 3014 ii

78 3060 81 3071 '
171 3066 275 3125 καλεῖν
305 3079 354 3134 μοι
382 3056 476 3126 δοκεῖς
500 3057 554 3129 τὶιν
586 3062 643 3120 τῶν
671 3061 891 3135 γεωμετρικῶν·
905 3080 940 3121 τε
971 3057 1022 3122 xci
1049 3060 1103 3135 ciri

169 3173 381 3242 τῶντοιούτων
402 3168 484 3250 ἕξιν,
514 3172 588 3238 ἀλλ’
619 3168 665 3239 οὖν
688 3167 719 3211 ⁰)
754 3174 791 3244 de
817 3171 936 3250 μετιιξύ
962 3195 992 3237 τι
1017 3173 1103 3252 δόξης

1065 3314 1101 3357 τι

203 3436 245 3506 (ι)
264 3435 309 3489 cf.
320 3431 430 3487 adhaec
442 3432 598 3502 expliesnda
611 3450 678 3502 quae
689 3450 767 3499 surpra
779 3433 928 3485 monuimus
939 3431 1005 3486 vol.
1020 3432 1060 3487 ll.
1071 3433 1101 3487 Ρ.

168 3528 193 3586 ἀ.
211 3533 436 3602 p.66,73,178.
473 3534 514 3601 (2)
526 3535 613 3600 Aegre
630 3532 743 3583 immuto
760 3529 843 3583 hocce
861 3523 936 3587 ἄλλ’
959 3526 1020 3589 oie:
1039 3549 1102 3585 nam

164 3630 245 3700 plane
262 3620 328 3681 llaec
344 3628 429 3681 dictio
441 3627 577 3683 Platonica
589 3639 643 3682 esi:
656 3631 779 3691 saltem,
792 3633 974 3695 verumenim,
988 3626 1099 3684 tantan:

165 3746 221 3802 quo
247 3722 326 3782 meu
352 3729 452 3781 centia·
481 3732 609 3782 occurrit.
646 3734 685 3781 At
711 3746 803 3780 sensus
828 3730 883 3782 luci
906 3738 934 3781 et
950 3730 1048 3782 allusio
1066 3732 1100 3784 etl

163 3827 239 3883 vocis
264 3821 375 3883 διίνοιοο
397 3827 529 3880 radonem
544 3826 573 3879 id
590 3827 698 3882 videtur
721 3828 878 3897 requirere,
897 3829 971 3898 quod
988 3838 1101 3884 rericu-

163 3926 347 3996 usuprmi.
365 3961 367 3965 -
385 3925 520 3994 Scripsit,
545 3926 691 3989 similos,
721 3924 820 3977 Pluto:
848 3921 1047 3983 διάνοιαν
1070 3925 1104 3987 23

163 4034 266 4095 κκλιῒν
287 4052 335 4104 μοι
357 4029 450 4100 δοκοῖς
474 4036 526 4098 τὴν
553 4056 601 4074 -
629 4025 703 4092 ἄλλ’
727 4030 894 4098 οὐκοῦν,
925 4030 962 4098 εἰς
983 4027 1101 4102 μεταξύ

1068 4157 1098 4191 τι
