2896 5168
635 439 808 483 ...20-

254 612 277 644 ξ’
345 609 366 636 ”
405 611 409 618 ’
458 608 518 700 Do
546 625 793 714 gradibus,
827 622 985 710 quibus

314 728 317 733 ι
364 756 409 817 in
438 743 637 812 mondum
668 748 835 819 tonaio,
868 740 923 806 ad
952 738 1074 806 ideas

262 846 268 853 ⁶
436 857 710 949 spectandas
743 857 1017 947 ascenditur.

252 1124 255 1131 .
301 1068 447 1151 Quatuor
471 1075 545 1129 sunt
574 1062 620 1127 illi
640 1062 722 1153 apud
744 1063 924 1138 Platonem,
948 1080 1080 1143 quorum
1104 1079 1190 1126 sum·

250 1200 333 1251 -mus
361 1183 455 1258 uineta
481 1194 552 1246 est:
578 1181 660 1246 unde
680 1183 827 1260 iatsnttit.
850 1180 1000 1254 scientia,
1023 1182 1090 1243 l'ert'
1102 1225 1113 1257 ‚
1135 1186 1191 1248 ao·

257 1305 312 1371 τοῦ
335 1304 388 1368 coti
410 1300 489 1374 lotoe
509 1300 639 1363 scientia
658 1294 793 1360 exsistit.
828 1292 924 1375 Quod
944 1305 980 1354 ut
1001 1306 1073 1372 apte
1091 1293 1191 1357 Glau-

257 1414 334 1481 coni
363 1414 554 1478 demonstret
582 1412 745 1486 Socrates,
789 1427 879 1487 quam
909 1406 1144 1491 diligentissime
1173 1425 1190 1470 a

254 1529 380 1595 mundo
407 1526 570 1611 spectabili
587 1523 814 1608 intelligibilem
830 1522 1009 1607 distinguit,
1037 1521 1081 1586 illi
1102 1522 1190 1603 quic·

263 1644 338 1727 qnid
359 1649 480 1728 δόξασιν
510 1658 579 1724 est,
613 1641 686 1707 huic
716 1646 751 1712 tl
779 1646 890 1722 γνωςὸν
922 1641 1074 1706 tribuens.
1128 1639 1191 1705 Sed

198 1789 201 1796 Δ
257 1760 364 1844 ipsum
394 1762 516 1826 illorum
550 1777 749 1836 sermonem,
783 1771 818 1822 ut
844 1777 894 1824 res
919 1759 1011 1841 plene
1041 1758 1191 1841 intelliga-

261 1891 333 1957 tur,
367 1897 572 1963 apponamus.
629 1875 763 1954 Veluti,
796 1875 921 1956 inquit,
958 1879 1083 1958 accepti
1110 1876 1192 1941 linei

262 1991 401 2060 bifariam
440 1993 473 2059 in
511 1995 655 2074 aequales
695 2008 799 2077 partes
831 1991 989 2075 dissecta,
1029 2007 1194 2075 utramque

259 2127 402 2196 partem,
440 2112 564 2176 alteram
595 2108 773 2194 spectabilis
807 2110 948 2193 generis,
989 2109 1191 2194 intelligibilis

260 2232 410 2309 alteram,
450 2228 542 2294 simili
567 2226 689 2293 ratione
717 2245 825 2292 rursus
856 2227 993 2292 dissecat
1034 2225 1124 2292 facile
1151 2225 1193 2290 ita

262 2346 296 2413 in
327 2345 376 2431 liis
407 2344 539 2411 invicem
571 2344 737 2411 claritatem
763 2360 795 2408 et
825 2343 1046 2408 obscuritatem
1068 2364 1194 2425 compa·

252 2464 357 2530 tabis.
400 2464 439 2542 Iu
461 2461 622 2540 spectabili
642 2475 755 2542 genere
776 2458 869 2520 altera
891 2476 961 2537 pars
983 2471 1074 2521 erunt
1099 2459 1195 2524 simu-

260 2579 360 2643 laem:
385 2573 456 2638 dico
475 2561 576 2639 autem
599 2571 782 2649 simulacta,
805 2571 937 2652 primum
959 2573 1104 2652 umbras,
1126 2590 1192 2641 tum

263 2708 345 2773 quae
368 2688 399 2754 in
422 2687 512 2768 aquis
543 2700 718 2770 apparent,
763 2705 904 2770 quaeque
936 2688 969 2754 in
997 2690 1090 2756 rebus
1124 2695 1194 2775 qui-

257 2806 390 2888 busque
419 2803 548 2883 densis,
581 2802 742 2882 laevibus,
775 2804 884 2870 lucidis
903 2806 1016 2872 adsunt
1044 2826 1075 2874 et
1106 2811 1195 2891 quic-

264 2924 340 3005 quid
372 2920 587 3005 hujuscemodi
615 2934 684 2985 est:
721 2921 876 2987 tenesne?
917 2962 962 2976 -
1002 2923 1112 2991 Teneo
1140 2947 1194 2994 ve·

251 3058 312 3117 ,to.
335 3074 381 3090 -
400 3040 537 3104 Alteram
567 3052 684 3120 partem
711 3056 793 3120 pone
823 3038 874 3105 illa
900 3040 1024 3124 negotia
1054 3045 1196 3110 contine·

254 3177 319 3236 -te,
354 3175 488 3241 quorum
511 3155 609 3233 llaec,
633 3140 712 3235 quae
730 3155 887 3234 diximus,
911 3156 1072 3222 simulacra
1093 3177 1193 3242 sunt,

263 3274 404 3340 animalia
429 3271 572 3350 scilicet,
608 3290 687 3352 quae
715 3273 798 3354 apud
828 3290 887 3335 nos
915 3286 990 3336 sunt
1022 3291 1195 3358 omnesque

263 3391 409 3456 atbotum
435 3404 466 3454 et
496 3392 690 3470 plantarum,
715 3408 816 3455 rerum
849 3391 922 3456 item
951 3408 1016 3457 arte
1042 3391 1194 3469 factarum

264 3507 399 3590 species.
422 3544 465 3558 -
485 3505 586 3570 Pono.
608 3541 654 3556 -
677 3490 805 3572 Velisne
822 3507 912 3572 etiam
935 3524 1097 3594 utramque
1115 3515 1193 3590 haue

264 3640 382 3707 partem
407 3622 576 3688 secundum
602 3623 633 3691 id
664 3624 750 3705 quod
777 3643 883 3690 vetum
905 3642 953 3693 est
973 3645 1004 3694 et
1024 3633 1109 3711 quod
1127 3652 1193 3701 non

265 3755 314 3806 est
340 3759 448 3805 verum
475 3738 672 3819 discernere,
705 3757 739 3803 ιιι
769 3744 1026 3823 quemadmodum
1056 3766 1196 3831 eaquae

263 3865 429 3944 opinamur
451 3855 488 3918 ad
516 3873 551 3920 ea
578 3860 877 3955 quaelcognovimas
911 3874 946 3921 se
980 3857 1115 3951 habent,
1149 3861 1195 3927 sic

263 3974 425 4042 simulacra
449 3971 489 4037 ad
530 3973 570 4037 lla
601 3989 635 4037 se
663 3971 815 4053 babeant,
839 3989 920 4054 quae
953 3972 1120 4047 referunt?
1150 4014 1194 4028 -

1086 4131 1090 4138 ·
1131 4095 1196 4161 Vc·
