2896 5168
621 457 818 521 -106-

256 651 309 705 ant
337 643 372 707 al
392 639 578 722 (primatie,
609 652 674 699 non
704 653 721 699 e
749 635 803 699 tali
834 635 1022 716 prlvatorum
1053 638 1181 722 ludole,

256 753 356 836 qualis
385 752 478 817 nobis
507 767 554 815 cst
587 755 696 817 natural
731 750 866 831 tributa,
895 769 948 818 eut
974 759 1009 824 al
1036 761 1182 841 <perappl-

253 896 369 954 ματον,
390 848 454 934 non
478 886 517 934 ex
542 888 576 933 ea
597 869 791 948 singulorum
814 868 972 934 homiuum
993 871 1182 951 cupiditate,

255 1004 317 1068 qna
336 1004 406 1052 esse
426 965 571 1050 dicuntur
591 983 761 1051 Phoenices
785 1000 815 1048 et
838 987 1013 1070 Aegyptii?
1026 987 1066 1056 (¹)
1124 991 1183 1056 Hic

254 1119 356 1168 autem
380 1103 521 1166 Socrates
543 1101 714 1165 necessario
737 1100 851 1181 requiri
873 1101 911 1167 ad
932 1103 1181 1184 disquisitionem

254 1221 462 1303 distinguendi
495 1220 703 1301 diligentiam,
727 1210 823 1283 videt.
887 1218 958 1284 lloc
978 1220 1096 1303 igitur,
1118 1223 1182 1306 ait,

253 1339 300 1402 sic
335 1355 404 1404 sese
441 1336 533 1400 lrabet
570 1353 626 1400 nec
663 1334 787 1422 difficile
822 1334 953 1400 inventu
988 1351 1060 1420 est;
1104 1338 1182 1404 illud

254 1474 329 1520 vero
353 1452 491 1529 difficile,
525 1465 628 1517 utrum
654 1469 717 1517 uno
744 1451 877 1532 quodam
905 1451 1074 1534 eodemque
1104 1455 1179 1521 haee

253 1571 375 1653 singula
405 1584 550 1649 agamus,
581 1586 644 1648 an,
684 1587 753 1633 cum
783 1567 843 1632 tria
871 1567 955 1650 sint,
990 1569 1073 1636 aliud
1101 1572 1176 1638 alio.

229 1687 367 1754 'Utrum
396 1685 456 1750 alio
484 1704 613 1765 eorum,
638 1703 717 1766 quae
739 1685 831 1749 nobis
855 1686 981 1768 insunt,
1003 1687 1178 1769 discamus,

253 1806 312 1869 alio
341 1804 523 1879 irascamur,
548 1801 638 1866 tertio
660 1802 939 1883 concupiscamus,
961 1821 1000 1868 an
1026 1819 1095 1870 toto
1117 1805 1181 1870 ani·

253 1939 305 1985 mo
334 1921 366 1985 in
399 1921 447 1984 lris
480 1917 611 1999 singulis
641 1937 831 1984 moveamur.
855 1917 895 1984 (²)
931 1904 934 1909 ¹
970 1920 1183 2003 Distinguitur

253 2051 327 2114 ergo
348 2032 480 2115 primum
503 2034 587 2096 ratio
604 2051 620 2095 a
638 2032 875 2119 cupiditatibus.
919 2034 999 2100 Nam
1018 2049 1092 2130 post
1111 2037 1180 2101 lon·

254 2152 381 2234 galinde
402 2148 610 2230 distinguendi
636 2149 756 2212 ratione
778 2149 917 2233 optima,
939 2167 1004 2218 tum
1026 2152 1116 2217 etiam
1141 2151 1179 2217 de

254 2266 332 2349 ipsis
364 2265 585 2346 cupiditatibus
616 2284 809 2347 sermonem,
851 2267 971 2332 animus
1002 2263 1180 2352 exploratur

116 2371 120 2379 ’
193 2388 201 2406 ’
253 2380 562 2458 sitientishomiuis,
592 2381 647 2461 qui
669 2382 797 2466 inanime
819 2383 944 2449 ducitur
969 2384 1095 2450 bibendi
1124 2404 1180 2451 cu·

254 2499 391 2582 piditate.
437 2497 576 2562 sitientis
603 2499 744 2576 animus,
767 2499 809 2562 ait
837 2501 1000 2581 Socrates,
1023 2517 1177 2583 quatenus

255 2616 341 2695 sitit,
363 2633 426 2679 nou
443 2614 525 2678 aliud
539 2615 679 2696 appetit,
702 2588 791 2695 quam
812 2615 933 2681 biberet
957 2617 1018 2681 huc
1038 2634 1178 2700 spectat,

252 2735 314 2798 huc
345 2730 443 2797 tendit
474 2730 575 2795 unice.
598 2766 644 2781 -
682 2729 833 2817 Omnino.
854 2767 900 2784 -
933 2733 1057 2817 Quodsi
1083 2733 1179 2817 igitur

252 2854 316 2931 sit,
349 2850 434 2931 quod
466 2848 619 2915 sitientem
651 2849 736 2912 illum
772 2850 926 2929 retrahat,
968 2849 1053 2914 aliud
1086 2850 1118 2916 id
1143 2850 1177 2917 in

252 2969 354 3032 animo
376 2984 452 3044 ent,
477 2983 565 3046 quam
589 2964 688 3044 illud,
711 2965 797 3045 quod
825 2965 910 3046 sitit,
933 2965 1119 3051 ipsumque,
1142 2983 1177 3034 ut

252 3081 367 3159 feram,
389 3083 426 3145 ad
448 3081 611 3145 bibendum
635 3081 785 3162 impellit:
808 3101 872 3146 non
895 3083 976 3148 enim
998 3083 1063 3149 fieri
1082 3104 1179 3167 posse

252 3200 404 3279 dicimus,
437 3214 471 3262 ut
494 3199 572 3263 idem
595 3199 671 3279 quid
692 3201 795 3263 cadem
819 3200 868 3265 sui
891 3216 978 3283 parte
996 3202 1076 3268 circa
1097 3202 1175 3270 idem

250 3316 401 3382 contraria
422 3292 503 3397 agat.
526 3351 565 3369 ·-
611 3316 687 3380 Nou
706 3333 799 3381 certe.
822 3353 867 3370 -
906 3319 1173 3403 Quemadmodum

250 3436 416 3499 absurdum
441 3433 525 3498 dictu
552 3448 619 3511 est,
652 3433 787 3516 ejusdem
815 3433 963 3514 sagittarii
991 3454 1099 3501 manus
1127 3455 1176 3500 ar·

249 3571 321 3616 cum
344 3550 435 3614 simul
456 3550 629 3630 propellere
648 3563 678 3611 et
702 3547 872 3614 retrahere:
896 3550 1077 3635 dicendum,
1100 3555 1176 3618 alte·

250 3689 311 3733 ram
342 3687 411 3732 esse
434 3686 578 3745 manum,
615 3683 693 3746 qliae
720 3665 886 3748 propellit,
920 3670 1062 3748 alteram,
1096 3688 1174 3750 quae

250 3785 387 3849 retrahit.
410 3822 453 3837 -
473 3784 517 3849 lta
547 3802 675 3865 prorsus
699 3801 733 3848 se
757 3802 805 3848 res
829 3783 933 3849 habet.
955 3821 1000 3836 -
1020 3786 1177 3853 Fatemur·

1138 3922 1177 3968 ne

287 3998 382 4112 (tlDe
401 4046 468 4112 nep.
487 4044 546 4096 435.
565 4045 600 4096 D.
619 4070 648 4084 -
666 4045 726 4097 436,
741 4048 774 4098 A.
822 4047 861 4115 (a)
882 4045 951 4100 [od.
966 4046 1026 4101 43⁶.
1046 4050 1080 4100 A.
1093 4049 1123 4099 lt.
