2896 5168
791 470 1018 546 ...73-.

415 653 561 719 πλουσίων
585 651 669 733 bbpao
699 648 785 717 iioat·
817 652 852 718 rb
874 653 904 718 δὲ
926 653 1031 728 boniba
1052 653 1207 738 πέφυκεν,
1228 658 1281 728 boio
1302 685 1339 730 rr

413 769 552 840 πλούσιος
577 768 629 834 ἓνὲν
655 792 690 834 τε
716 767 805 843 πένης
835 768 958 850 κάμνῃ,
990 770 1155 849 eoeneum
1182 770 1256 843 εἷννν
1288 778 1339 846 ἐπὶ

407 890 517 967 'baronio
535 886 620 966 ibaar
642 885 735 958 Ξὲννε,
756 885 807 950 uoti
826 884 930 951 niorto
948 886 998 952 τὸν
1019 887 1165 968 boxioiat
1184 891 1337 973 δεόμενον,

412 1002 460 1069 inl
482 1002 614 1075 roberti
636 1004 741 1082 ἀρχεῖν
760 1001 929 1080 buuauiuou·
951 1003 983 1068 ob
1006 1004 1056 1071 riu
1074 1001 1210 1085 ἄρχοντα
1229 1007 1339 1075 δεῖσθαι
1401 1082 1404 1094 ι

339 1137 341 1141 ’
406 1127 470 1188 τῶν
496 1120 666 1201 ἀρχομένων
693 1117 859 1200 ἀρχέσθω,
888 1114 924 1183 ob
947 1117 992 1185 ἂν
1008 1129 1047 1201 τῇ
1066 1121 1192 1206 ἀληθείᾳ
1211 1124 1251 1193 ri·
1267 1123 1341 1209 ὅΦε·

412 1253 463 1312 λος
483 1236 514 1318 ἦ.
566 1234 641 1299 Non
669 1238 748 1296 enirn
779 1245 916 1298 naturae
944 1247 1177 1301 consentaneum
1207 1250 1273 1319 ert,
1303 1250 1341 1303 ut

407 1352 600 1439 gubernator,
627 1365 742 1415 nautor
772 1364 861 1429 oret,
891 1362 928 1413 ut
959 1369 1033 1415 suae
1064 1370 1094 1417 se
1115 1352 1340 1436 gubernationi

405 1471 618 1546 ¹committant,
651 1466 703 1532 oei
728 1469 877 1550 sopientes
906 1464 952 1530 ad
978 1465 1112 1532 diuitum
1134 1468 1225 1552 fores
1253 1491 1340 1537 aeon

405 1582 498 1652 dant.
541 1584 592 1650 Sir
611 1601 718 1671 reapse
737 1581 863 1648 naturai
879 1598 1092 1670 conparatum
1111 1602 1176 1667 ert,
1199 1602 1263 1668 ut,
1274 1589 1340 1654 tiro

407 1700 491 1769 diues
522 1704 586 1769 siue
613 1716 736 1788 pauper
764 1697 902 1764 aduersi
920 1699 1100 1767 ualetudine
1119 1718 1258 1785 utatur,
1287 1724 1341 1771 ne·

405 1821 537 1886 cessario
563 1820 592 1884 it
611 1817 701 1899 fores
733 1814 917 1881 medicorum
933 1832 1047 1904 petor,
1076 1839 1257 1906 omnesque,
1278 1827 1336 1909 qui

402 1936 626 2019 gubernatione
652 1931 814 2016 indigent,
841 1933 940 2001 domos
964 1933 1083 2001 adeant
1098 1924 1254 2009 bantinum
1273 1959 1336 2024 gu·

403 2048 556 2114 bertrandi
578 2051 772 2137 peritorum,
804 2069 864 2114 non
887 2049 1132 2134 gubernatores,
1161 2054 1190 2117 st'
1212 2049 1333 2137 quidem

404 2165 538 2249 aiicujus
558 2168 621 2230 sint
636 2168 758 2253 pretii,
786 2166 951 2250 inferiores
971 2180 1080 2251 rogent
1098 2181 1133 2232 ut
1150 2167 1331 2250 gubernare

402 2281 462 2348 tibi
481 2282 585 2347 liceat.
637 2282 724 2367 Quin
745 2282 772 2347 si
794 2301 873 2361 eos,
905 2281 1030 2363 quibis
1052 2281 1243 2364 temporibus
1267 2302 1333 2350 tes·

403 2400 543 2484 publicas
565 2399 794 2479 administrant,
815 2415 887 2463 cum
907 2397 946 2462 iis
965 2399 1193 2480 comparaveris
1208 2400 1331 2483 nautia,

405 2537 487 2600 quos
505 2519 600 2583 modo
617 2515 951 2594 commemorabamus,
975 2530 1039 2580 tum
1061 2515 1173 2597 etiam,
1195 2517 1222 2583 si
1239 2516 1332 2598 illos,

405 2634 459 2714 qui
492 2633 530 2701 ab
560 2634 607 2699 bis
635 2636 831 2717 appellantur
859 2633 984 2698 inutiles
1007 2651 1042 2697 ac
1064 2651 1165 2698 rerum
1184 2651 1331 2701 vanarum

402 2752 633 2835 speculatores,
663 2751 744 2817 veris
771 2749 1029 2835 gubernatoribus
1054 2752 1244 2829 contuleris,
1265 2769 1333 2821 non

401 2869 569 2937 aberrabis.
595 2868 636 2938 (¹)
690 2870 741 2934 Fit
769 2883 870 2937 autem
900 2867 964 2945 ita,
999 2880 1034 2931 ut
1063 2886 1159 2946 vera,
1189 2880 1332 2951 quaeque

401 2986 452 3054 his
483 2987 575 3052 unice
602 2986 689 3052 malis
720 2985 835 3053 mederi
865 2983 990 3069 possit,
1019 2983 1220 3068 philosophis
1253 2989 1331 3055 male

401 3103 516 3171 audiat.
568 3104 648 3170 Nam
680 3104 836 3186 primum,
870 3102 1007 3187 germani
1029 3103 1231 3186 philosophi,
1246 3119 1333 3170 mm·

403 3240 494 3302 quam
514 3221 640 3288 inutiles
660 3221 862 3305 rejiciuntur,
884 3234 950 3284 tum
974 3238 1069 3298 vero,
1102 3220 1129 3284 si
1157 3239 1218 3302 qua
1241 3239 1330 3303 prae·

337 3320 340 3326 ⁴
400 3340 481 3403 clara
515 3336 666 3403 exstiterit
696 3338 728 3402 in
756 3337 926 3422 juvenibus
952 3336 991 3400 ad
1020 3337 1249 3420 philosophiam
1280 3337 1331 3404 in·

400 3455 506 3532 doles,
529 3454 739 3535 corrumpitur
767 3453 840 3533 illa,
862 3467 1041 3533 anteaquam
1062 3453 1100 3518 ad
1119 3454 1325 3522 maturitatem

401 3572 587 3653 pervenerit.
643 3571 695 3634 Sic
736 3569 815 3634 enim
853 3586 922 3635 sese
962 3587 1012 3635 res
1047 3571 1152 3638 habet.
1209 3575 1328 3650 niorto

403 3692 572 3772 onipuoroa
605 3689 670 3772 nipe
701 3692 719 3767 ἦ
756 3693 872 3771 φυτοῦ,
906 3685 967 3756 εἴτε
994 3691 1141 3768 ἐγγείων,
1176 3691 1238 3758 aira
1270 3695 1328 3761 rito

402 3808 498 3890 ζώων,
527 3807 612 3886 ἴσμεν
637 3803 683 3877 brt
708 3807 743 3874 rb
772 3807 816 3886 tob
844 3776 938 3888 rbxbo
966 3812 1095 3889 apamio.
1124 3802 1157 3882 ἧς
1188 3808 1325 3888 προσήκει

1256 3925 1327 3992 ettob·

438 4065 480 4132 (ι)
500 4066 542 4114 m
559 4065 628 4131 nep.
647 4061 697 4113 vr.
717 4063 777 4132 req.
796 4062 825 4114 u.
845 4064 878 4116 c.
