2896 5168
612 458 804 525 ...159-

248 629 399 714 ejtrsmodi
423 628 580 710 republica
610 628 700 708 plena
721 622 872 689 libertatis
900 633 971 687 esse
991 623 1113 688 omnia:
1138 637 1174 687 ut

249 761 279 811 et
298 747 417 830 privata
440 745 553 808 domus
580 742 681 806 ontnis
701 755 788 806 vacet
809 740 1041 820 dominatione,
1064 755 1095 806 et
1113 741 1173 806 hoc

252 864 363 927 malurn
385 880 487 941 usque
503 862 541 925 ad
562 859 676 924 bestias
696 857 869 942 perveniat:
889 858 1022 939 denique
1040 872 1075 923 ut
1093 872 1179 941 pater

254 980 353 1047 filium
385 994 524 1055 metuat,
551 977 635 1043 filius
664 991 779 1059 patrem
802 976 954 1059 negligat:
976 976 1058 1041 absit
1078 977 1179 1043 omnis

257 1095 381 1176 pudor,
402 1109 438 1159 ut
454 1098 543 1177 plane
562 1093 652 1159 liberi
673 1095 757 1158 sint:
778 1094 855 1158 nihil
875 1092 1018 1176 intersit,
1039 1093 1118 1158 civis
1139 1094 1182 1159 sit

254 1227 293 1275 an
313 1211 508 1293 peregrinusc
537 1211 682 1294 magister
702 1225 737 1275 ut
759 1210 935 1291 discipulos
956 1223 1072 1274 metuat
1093 1222 1124 1274 et
1142 1208 1182 1273 iis

256 1328 446 1395 blandiatur:
475 1346 685 1411 spernantque
715 1326 861 1410 discipuli
892 1328 1078 1411 magistros:
1107 1326 1183 1391 ado·

256 1446 407 1511 lescentes
439 1460 474 1510 ut
501 1464 610 1511 senum
640 1444 701 1509 sibi
729 1446 853 1526 pondus
881 1424 1063 1523 assumant,
1090 1460 1182 1509 senes

257 1576 358 1626 autem
381 1563 419 1626 ad
437 1561 546 1626 ludum
564 1561 805 1626 adolescentium
831 1562 1038 1640 descendant,
1065 1577 1104 1624 ne
1121 1558 1185 1625 sint

257 1677 296 1740 iis
318 1677 420 1741 odiosi
442 1696 476 1740 ac
499 1695 620 1758 graves.
664 1677 713 1743 Ex
733 1695 797 1758 quo
813 1677 868 1756 fit,
889 1694 923 1743 ut
944 1677 1033 1742 etiam
1051 1677 1132 1742 servi
1150 1694 1185 1742 se

261 1791 389 1856 liberius
412 1809 538 1875 gerant:
559 1811 671 1857 uxores
690 1794 795 1858 eodern
813 1795 882 1879 jure
903 1792 993 1875 sint,
1016 1811 1081 1875 quo
1106 1792 1185 1874 vlrl;

262 1908 338 1990 quin
361 1913 446 1975 tanti
466 1909 608 1975 libertate
629 1927 720 1974 canes
739 1910 826 1976 etiant
852 1927 881 1976 et
902 1911 998 1992 equi,
1028 1912 1113 1977 aselli
1134 1914 1186 1977 de·

264 2026 380 2106 nique,
409 2025 498 2091 liberi
519 2026 604 2107 sint,
627 2026 672 2093 sic
694 2028 874 2108 incurrant,
897 2046 933 2095 ut
952 2030 993 2096 iis
1015 2032 1054 2097 de
1068 2029 1117 2097 via
1136 2033 1188 2097 de·

261 2142 431 2207 cedendum
454 2143 508 2208 sit.
552 2143 640 2228 Ergo
669 2165 706 2211 ex
737 2146 793 2210 lrac
823 2145 941 2212 infinita
971 2148 1097 2215 licentia
1126 2150 1186 2214 hoc

260 2261 384 2341 oritur,
412 2273 447 2323 ut
469 2261 510 2326 ita
529 2259 707 2329 fastidiosae
727 2266 900 2346 mollesque
921 2281 1040 2330 mentes
1059 2266 1187 2330 evadant

261 2373 401 2455 civium,
425 2392 478 2456 ot,
500 2379 528 2442 si
546 2381 669 2444 minima
688 2381 738 2445 vis
756 2382 937 2448 adhibeatur
952 2383 1092 2465 imperii,
1113 2382 1188 2447 iras·

259 2507 370 2557 cantur
393 2509 423 2559 et
444 2493 580 2577 perferre
599 2513 772 2578 nequeant:
804 2518 841 2563 ex
865 2519 930 2578 quo
952 2502 1036 2581 leges
1060 2517 1188 2582 quoque

262 2610 415 2693 incipiunt
433 2612 608 2694 negligere,
629 2626 664 2674 ut
687 2616 776 2692 plane
798 2611 866 2675 sine
883 2614 947 2677 ullo
964 2615 1090 2678 domitto
1108 2615 1186 2683 sint.

263 2728 347 2792 llaec
372 2729 467 2809 igitur
486 2729 605 2808 egregia
632 2729 683 2790 illa
714 2743 744 2790 et
774 2729 880 2807 pulcra
912 2729 1088 2810 tespnblica
1114 2746 1187 2811 est,

265 2863 302 2908 ex
324 2863 386 2924 qua
407 2843 545 2925 tyrannis
566 2843 717 2909 nascitur.
752 2842 877 2921 Scilicet
899 2852 916 2926 ἡ
938 2848 1021 2927 ἄγαν
1042 2851 1190 2934 ἐλευθερία

264 2964 354 3027 ἔοικεν
382 2964 435 3028 οὐκ
455 2963 497 3034 εἰς
518 2962 597 3028 ital
615 2987 645 3028 rr
667 2962 684 3039 ti
706 2966 746 3036 εἰς
768 2963 851 3040 daal
871 2966 1004 3032 δουλείαν
1023 2969 1187 3048 μεταβάλ-

264 3093 326 3142 λειν
348 3078 398 3143 καὶ
416 3079 516 3159 iitoira
538 3079 588 3145 καὶ
618 3079 725 3155 πόλει,
756 3081 855 3140 nimia
882 3080 1012 3147 libertas
1040 3084 1130 3149 baad
1152 3089 1187 3150 in

264 3189 355 3255 aliud
374 3191 454 3276 quid
478 3191 626 3272 videtur,
657 3216 752 3277 quum
783 3198 912 3259 nimiam
942 3199 976 3260 in
1007 3202 1186 3266 terrionem

264 3306 370 3387 abire,
393 3326 459 3373 tam
473 3306 606 3396 'privato
626 3314 759 3392 homini,
782 3334 875 3397 quam
896 3317 1091 3383 civitatib)

308 3423 396 3509 Quid
418 3427 570 3491 clsrcercnt
591 3430 621 3492 in
643 3429 821 3494 civitatibus
842 3433 1039 3511 tyrannides,
1056 3434 1190 3501 animad-

265 3556 383 3606 vertere
403 3540 492 3607 facile
510 3545 598 3610 Plato
615 3565 685 3610 cunr
706 3548 858 3627 Athenis,
878 3564 943 3612 tutu
963 3549 1030 3613 aliis
1046 3550 1078 3614 in
1096 3552 1187 3617 rebus

263 3659 398 3741 publicis
420 3660 592 3741 Graeciae,
619 3678 684 3728 turn
709 3663 740 3728 in
761 3665 870 3747 primis
887 3665 1048 3747 Syracusis
1068 3667 1183 3748 potuit.

259 3779 339 3844 Illud
360 3797 433 3843 vero
454 3777 543 3842 unice
562 3780 778 3861 philosophiae
797 3779 927 3857 debuit,
954 3796 988 3845 ut
1008 3783 1069 3846 boc
1089 3785 1183 3848 ruodo

1123 3921 1184 3967 orr-

288 4055 328 4123 (t)
342 4059 383 4106 De
394 4060 465 4124 Καρ.
481 4056 562 4108 vtll.
572 4058 630 4111 562.
648 4058 681 4107 Α.
692 4082 720 4099 ·-
734 4058 793 4113 564.
808 4063 842 4112 A.
854 4061 898 4116 Cs.
908 4062 967 4116 Cic.
979 4068 1089 4137 dellep.
1105 4072 1126 4126 t.
1138 4072 1181 4126 45.
