<?xml version="1.0" encoding="UTF-8"?>
<!DOCTYPE html PUBLIC "-//W3C//DTD XHTML 1.0 Transitional//EN"
    "http://www.w3.org/TR/xhtml1/DTD/xhtml1-transitional.dtd">
<html xmlns="http://www.w3.org/1999/xhtml" xml:lang="en" lang="en">
 <head>
  <title>
</title>
<meta http-equiv="Content-Type" content="text/html;charset=utf-8" />
  <meta name='ocr-system' content='tesseract 3.04.00' />
  <meta name='ocr-capabilities' content='ocr_page ocr_carea ocr_par ocr_line ocrx_word'/>
</head>
<body>
  <div class='ocr_page' id='page_1' title='image "./initiaphilosoph04heusgoog_0501.png"; bbox 0 0 2896 5168; ppageno 0'>
   <div class='ocr_carea' id='block_1_1' title="bbox 67 689 1128 4240">
    <p class='ocr_par' dir='ltr' id='par_1_1' title="bbox 67 689 1128 4240">
     <span class='ocr_line' id='line_1_1' title="bbox 155 689 1080 775; baseline -0.005 -12"><span class='ocrx_word' id='word_1_1' title='bbox 155 691 207 773; x_wconf 75' lang='lat' dir='ltr'>bie¹</span> <span class='ocrx_word' id='word_1_2' title='bbox 224 689 419 761; x_wconf 77' lang='lat' dir='ltr'>verissimum</span> <span class='ocrx_word' id='word_1_3' title='bbox 431 706 512 775; x_wconf 77' lang='lat' dir='ltr'>eet,</span> <span class='ocrx_word' id='word_1_4' title='bbox 533 692 584 759; x_wconf 83' lang='lat' dir='ltr'>bia</span> <span class='ocrx_word' id='word_1_5' title='bbox 607 693 674 759; x_wconf 89' lang='lat' dir='ltr'>duo</span> <span class='ocrx_word' id='word_1_6' title='bbox 692 708 763 759; x_wconf 79' lang='lat' dir='ltr'>ease</span> <span class='ocrx_word' id='word_1_7' title='bbox 783 704 938 775; x_wconf 81' lang='lat' dir='ltr'>quatuor,</span> <span class='ocrx_word' id='word_1_8' title='bbox 959 700 1080 775; x_wconf 79' lang='lat' dir='ltr'>purtem</span> 
     </span>
     <span class='ocr_line' id='line_1_2' title="bbox 156 807 1078 895; baseline -0.001 -22"><span class='ocrx_word' id='word_1_9' title='bbox 156 818 227 895; x_wconf 83' lang='lat' dir='ltr'>toto</span> <span class='ocrx_word' id='word_1_10' title='bbox 251 809 404 881; x_wconf 81' lang='lat' dir='ltr'>minorem</span> <span class='ocrx_word' id='word_1_11' title='bbox 433 825 526 890; x_wconf 75' lang='lat' dir='ltr'>ease,</span> <span class='ocrx_word' id='word_1_12' title='bbox 547 807 658 875; x_wconf 82' lang='lat' dir='ltr'>similia</span> <span class='ocrx_word' id='word_1_13' title='bbox 682 809 797 875; x_wconf 90' lang='lat' dir='ltr'>omnia.</span> <span class='ocrx_word' id='word_1_14' title='bbox 861 808 939 876; x_wconf 87' lang='lat' dir='ltr'>Inde</span> <span class='ocrx_word' id='word_1_15' title='bbox 964 808 1078 874; x_wconf 82' lang='lat' dir='ltr'>veritas</span> 
     </span>
     <span class='ocr_line' id='line_1_3' title="bbox 157 922 1082 1013; baseline 0 -24"><span class='ocrx_word' id='word_1_16' title='bbox 157 922 190 1000; x_wconf 81' lang='lat' dir='ltr'>in</span> <span class='ocrx_word' id='word_1_17' title='bbox 218 922 315 1005; x_wconf 76' lang='lat' dir='ltr'>rebus</span> <span class='ocrx_word' id='word_1_18' title='bbox 348 922 566 1002; x_wconf 81' lang='lat' dir='ltr'>arithmeticis·</span> <span class='ocrx_word' id='word_1_19' title='bbox 586 937 618 990; x_wconf 85' lang='lat' dir='ltr'>et</span> <span class='ocrx_word' id='word_1_20' title='bbox 650 923 873 1013; x_wconf 68' lang='lat' dir='ltr'>geometricis,</span> <span class='ocrx_word' id='word_1_21' title='bbox 896 942 976 1007; x_wconf 89' lang='lat' dir='ltr'>quae</span> <span class='ocrx_word' id='word_1_22' title='bbox 1002 923 1082 989; x_wconf 86' lang='lat' dir='ltr'>uuili</span> 
     </span>
     <span class='ocr_line' id='line_1_4' title="bbox 83 1037 1084 1123; baseline 0.003 -20"><span class='ocrx_word' id='word_1_23' title='bbox 83 1081 86 1088; x_wconf 79' lang='lat'><em>,</em></span> <span class='ocrx_word' id='word_1_24' title='bbox 158 1037 345 1110; x_wconf 82' lang='lat' dir='ltr'>dubitationi</span> <span class='ocrx_word' id='word_1_25' title='bbox 365 1037 505 1104; x_wconf 81' lang='lat' dir='ltr'>obnoxia·</span> <span class='ocrx_word' id='word_1_26' title='bbox 518 1053 587 1105; x_wconf 78' lang='lat' dir='ltr'>eota</span> <span class='ocrx_word' id='word_1_27' title='bbox 619 1039 753 1121; x_wconf 86' lang='lat' dir='ltr'>indeque</span> <span class='ocrx_word' id='word_1_28' title='bbox 772 1041 981 1121; x_wconf 79' lang='lat' dir='ltr'>accidit‚‘ut‚</span> <span class='ocrx_word' id='word_1_29' title='bbox 1003 1039 1084 1123; x_wconf 80' lang='lat' dir='ltr'>quae</span> 
     </span>
     <span class='ocr_line' id='line_1_5' title="bbox 160 1150 1086 1238; baseline 0.005 -23"><span class='ocrx_word' id='word_1_30' title='bbox 160 1150 329 1237; x_wconf 83' lang='lat' dir='ltr'>mechanici</span> <span class='ocrx_word' id='word_1_31' title='bbox 362 1164 395 1217; x_wconf 90' lang='lat' dir='ltr'>et</span> <span class='ocrx_word' id='word_1_32' title='bbox 427 1153 599 1233; x_wconf 84' lang='lat' dir='ltr'>astronomi</span> <span class='ocrx_word' id='word_1_33' title='bbox 628 1154 781 1236; x_wconf 84' lang='lat' dir='ltr'>antiquo,</span> <span class='ocrx_word' id='word_1_34' title='bbox 809 1153 1086 1238; x_wconf 66' lang='lat' dir='ltr'>inprimisquere·</span> 
     </span>
     <span class='ocr_line' id='line_1_6' title="bbox 67 1267 1085 1367; baseline 0.001 -32"><span class='ocrx_word' id='word_1_35' title='bbox 67 1300 69 1304; x_wconf 95' lang='lat'>·</span> <span class='ocrx_word' id='word_1_36' title='bbox 160 1267 300 1367; x_wconf 58' lang='lat' dir='ltr'>pontiore</span> <span class='ocrx_word' id='word_1_37' title='bbox 317 1285 395 1335; x_wconf 85' lang='lat' dir='ltr'>aevo</span> <span class='ocrx_word' id='word_1_38' title='bbox 411 1282 613 1350; x_wconf 86' lang='lat' dir='ltr'>repererunt,</span> <span class='ocrx_word' id='word_1_39' title='bbox 635 1269 712 1337; x_wconf 84' lang='lat' dir='ltr'>adeo</span> <span class='ocrx_word' id='word_1_40' title='bbox 734 1269 800 1335; x_wconf 91' lang='lat' dir='ltr'>sint</span> <span class='ocrx_word' id='word_1_41' title='bbox 819 1287 914 1350; x_wconf 83' lang='lat' dir='ltr'>vera,</span> <span class='ocrx_word' id='word_1_42' title='bbox 934 1285 971 1336; x_wconf 91' lang='lat' dir='ltr'>ut</span> <span class='ocrx_word' id='word_1_43' title='bbox 986 1289 1028 1337; x_wconf 89' lang='lat' dir='ltr'>ex</span> <span class='ocrx_word' id='word_1_44' title='bbox 1045 1270 1085 1337; x_wconf 83' lang='lat' dir='ltr'>iia</span> 
     </span>
     <span class='ocr_line' id='line_1_7' title="bbox 162 1383 1092 1483; baseline 0.003 -32"><span class='ocrx_word' id='word_1_45' title='bbox 162 1383 256 1483; x_wconf 68' lang='lat' dir='ltr'>lindie</span> <span class='ocrx_word' id='word_1_46' title='bbox 284 1402 385 1448; x_wconf 86' lang='lat' dir='ltr'>rerum</span> <span class='ocrx_word' id='word_1_47' title='bbox 411 1384 593 1450; x_wconf 87' lang='lat' dir='ltr'>coelestium</span> <span class='ocrx_word' id='word_1_48' title='bbox 623 1400 749 1452; x_wconf 89' lang='lat' dir='ltr'>constet</span> <span class='ocrx_word' id='word_1_49' title='bbox 779 1386 881 1469; x_wconf 85' lang='lat' dir='ltr'>ratio,</span> <span class='ocrx_word' id='word_1_50' title='bbox 912 1401 945 1454; x_wconf 88' lang='lat' dir='ltr'>et</span> <span class='ocrx_word' id='word_1_51' title='bbox 968 1386 1092 1470; x_wconf 80' lang='lat' dir='ltr'>praedi·</span> 
     </span>
     <span class='ocr_line' id='line_1_8' title="bbox 162 1501 1094 1590; baseline 0.004 -24"><span class='ocrx_word' id='word_1_52' title='bbox 162 1513 235 1590; x_wconf 83' lang='lat' dir='ltr'>caut</span> <span class='ocrx_word' id='word_1_53' title='bbox 255 1513 325 1585; x_wconf 88' lang='lat' dir='ltr'>tuto</span> <span class='ocrx_word' id='word_1_54' title='bbox 345 1501 538 1581; x_wconf 74' lang='lat' dir='ltr'>astronomi,</span> <span class='ocrx_word' id='word_1_55' title='bbox 563 1520 642 1583; x_wconf 88' lang='lat' dir='ltr'>quae</span> <span class='ocrx_word' id='word_1_56' title='bbox 663 1501 703 1565; x_wconf 90' lang='lat' dir='ltr'>ad</span> <span class='ocrx_word' id='word_1_57' title='bbox 729 1502 862 1586; x_wconf 83' lang='lat' dir='ltr'>eclipses</span> <span class='ocrx_word' id='word_1_58' title='bbox 889 1503 968 1570; x_wconf 86' lang='lat' dir='ltr'>solis</span> <span class='ocrx_word' id='word_1_59' title='bbox 993 1508 1094 1585; x_wconf 85' lang='lat' dir='ltr'>atque</span> 
     </span>
     <span class='ocr_line' id='line_1_9' title="bbox 161 1615 1087 1703; baseline 0.005 -21"><span class='ocrx_word' id='word_1_60' title='bbox 161 1619 254 1703; x_wconf 88' lang='lat' dir='ltr'>lunae</span> <span class='ocrx_word' id='word_1_61' title='bbox 292 1630 325 1680; x_wconf 88' lang='lat' dir='ltr'>et</span> <span class='ocrx_word' id='word_1_62' title='bbox 354 1629 543 1695; x_wconf 85' lang='lat' dir='ltr'>cometarum</span> <span class='ocrx_word' id='word_1_63' title='bbox 580 1615 714 1682; x_wconf 87' lang='lat' dir='ltr'>reditum</span> <span class='ocrx_word' id='word_1_64' title='bbox 749 1619 929 1700; x_wconf 87' lang='lat' dir='ltr'>pertinent,</span> <span class='ocrx_word' id='word_1_65' title='bbox 970 1620 1087 1687; x_wconf 84' lang='lat' dir='ltr'>omnia.</span> 
     </span>
     <span class='ocr_line' id='line_1_10' title="bbox 164 1730 1089 1822; baseline 0.006 -25"><span class='ocrx_word' id='word_1_66' title='bbox 164 1733 201 1822; x_wconf 71' lang='lat' dir='ltr'>ld</span> <span class='ocrx_word' id='word_1_67' title='bbox 224 1731 320 1818; x_wconf 80' lang='lat' dir='ltr'>igitur</span> <span class='ocrx_word' id='word_1_68' title='bbox 339 1731 453 1797; x_wconf 84' lang='lat' dir='ltr'>veritas</span> <span class='ocrx_word' id='word_1_69' title='bbox 473 1730 558 1814; x_wconf 85' lang='lat' dir='ltr'>apud</span> <span class='ocrx_word' id='word_1_70' title='bbox 578 1732 736 1799; x_wconf 84' lang='lat' dir='ltr'>Platonem</span> <span class='ocrx_word' id='word_1_71' title='bbox 761 1746 823 1800; x_wconf 81' lang='lat' dir='ltr'>eet.</span> <span class='ocrx_word' id='word_1_72' title='bbox 865 1734 935 1800; x_wconf 89' lang='lat' dir='ltr'>Nec</span> <span class='ocrx_word' id='word_1_73' title='bbox 955 1735 1089 1807; x_wconf 76' lang='lat' dir='ltr'>refertam</span> 
     </span>
     <span class='ocr_line' id='line_1_11' title="bbox 165 1847 1096 1930; baseline -0.002 -15"><span class='ocrx_word' id='word_1_74' title='bbox 165 1850 242 1924; x_wconf 79' lang='lat' dir='ltr'>haec</span> <span class='ocrx_word' id='word_1_75' title='bbox 264 1849 380 1914; x_wconf 64' lang='lat' dir='ltr'>solumv</span> <span class='ocrx_word' id='word_1_76' title='bbox 396 1848 434 1915; x_wconf 89' lang='lat' dir='ltr'>ad</span> <span class='ocrx_word' id='word_1_77' title='bbox 461 1848 517 1913; x_wconf 90' lang='lat' dir='ltr'>has</span> <span class='ocrx_word' id='word_1_78' title='bbox 546 1847 726 1928; x_wconf 83' lang='lat' dir='ltr'>quantitatis</span> <span class='ocrx_word' id='word_1_79' title='bbox 735 1848 935 1930; x_wconf 78' lang='lat' dir='ltr'>‚,·qualitatis</span> <span class='ocrx_word' id='word_1_80' title='bbox 960 1848 1096 1916; x_wconf 63' lang='lat' dir='ltr'>similem</span> 
     </span>
     <span class='ocr_line' id='line_1_12' title="bbox 169 1963 1092 2052; baseline -0.003 -20"><span class='ocrx_word' id='word_1_81' title='bbox 169 1984 231 2052; x_wconf 87' lang='lat' dir='ltr'>que</span> <span class='ocrx_word' id='word_1_82' title='bbox 257 1964 425 2031; x_wconf 83' lang='lat' dir='ltr'>notiones:</span> <span class='ocrx_word' id='word_1_83' title='bbox 468 1966 508 2030; x_wconf 90' lang='lat' dir='ltr'>de</span> <span class='ocrx_word' id='word_1_84' title='bbox 533 1964 627 2043; x_wconf 89' lang='lat' dir='ltr'>rebus</span> <span class='ocrx_word' id='word_1_85' title='bbox 650 1963 743 2030; x_wconf 89' lang='lat' dir='ltr'>bonis</span> <span class='ocrx_word' id='word_1_86' title='bbox 770 1978 802 2029; x_wconf 91' lang='lat' dir='ltr'>et</span> <span class='ocrx_word' id='word_1_87' title='bbox 826 1963 938 2045; x_wconf 67' lang='lat' dir='ltr'>malis⁹</span> <span class='ocrx_word' id='word_1_88' title='bbox 958 1965 1005 2031; x_wconf 88' lang='lat' dir='ltr'>de·</span> <span class='ocrx_word' id='word_1_89' title='bbox 1019 1965 1092 2050; x_wconf 90' lang='lat' dir='ltr'>pul·</span> 
     </span>
     <span class='ocr_line' id='line_1_13' title="bbox 167 2079 1098 2164; baseline 0 -15"><span class='ocrx_word' id='word_1_90' title='bbox 167 2083 229 2161; x_wconf 75' lang='lat' dir='ltr'>cris</span> <span class='ocrx_word' id='word_1_91' title='bbox 250 2096 282 2148; x_wconf 90' lang='lat' dir='ltr'>et</span> <span class='ocrx_word' id='word_1_92' title='bbox 302 2081 469 2164; x_wconf 84' lang='lat' dir='ltr'>turpibus,</span> <span class='ocrx_word' id='word_1_93' title='bbox 489 2081 529 2148; x_wconf 87' lang='lat' dir='ltr'>de</span> <span class='ocrx_word' id='word_1_94' title='bbox 548 2080 643 2164; x_wconf 82' lang='lat' dir='ltr'>justis</span> <span class='ocrx_word' id='word_1_95' title='bbox 663 2094 695 2147; x_wconf 89' lang='lat' dir='ltr'>et</span> <span class='ocrx_word' id='word_1_96' title='bbox 722 2079 846 2164; x_wconf 83' lang='lat' dir='ltr'>injustis</span> <span class='ocrx_word' id='word_1_97' title='bbox 867 2080 1009 2152; x_wconf 82' lang='lat' dir='ltr'>similiter</span> <span class='ocrx_word' id='word_1_98' title='bbox 1025 2094 1098 2149; x_wconf 82' lang='lat' dir='ltr'>nos.</span> 
     </span>
     <span class='ocr_line' id='line_1_14' title="bbox 165 2194 1095 2284; baseline 0 -21"><span class='ocrx_word' id='word_1_99' title='bbox 165 2213 244 2269; x_wconf 71' lang='lat' dir='ltr'>‘vere</span> <span class='ocrx_word' id='word_1_100' title='bbox 265 2195 475 2280; x_wconf 82' lang='lat' dir='ltr'>pronunciare</span> <span class='ocrx_word' id='word_1_101' title='bbox 494 2194 623 2262; x_wconf 75' lang='lat' dir='ltr'>statuite</span> <span class='ocrx_word' id='word_1_102' title='bbox 647 2197 741 2262; x_wconf 90' lang='lat' dir='ltr'>modo</span> <span class='ocrx_word' id='word_1_103' title='bbox 761 2197 866 2280; x_wconf 84' lang='lat' dir='ltr'>ipsum</span> <span class='ocrx_word' id='word_1_104' title='bbox 885 2197 1024 2278; x_wconf 66' lang='lat' dir='ltr'>bonum,</span> <span class='ocrx_word' id='word_1_105' title='bbox 1041 2197 1095 2284; x_wconf 88' lang='lat' dir='ltr'>lp·</span> 
     </span>
     <span class='ocr_line' id='line_1_15' title="bbox 170 2310 1097 2396; baseline -0.002 -14"><span class='ocrx_word' id='word_1_106' title='bbox 170 2333 241 2391; x_wconf 86' lang='lat' dir='ltr'>sum</span> <span class='ocrx_word' id='word_1_107' title='bbox 267 2314 387 2396; x_wconf 87' lang='lat' dir='ltr'>justum</span> <span class='ocrx_word' id='word_1_108' title='bbox 409 2312 648 2393; x_wconf 71' lang='lat' dir='ltr'>pulcrumque,</span> <span class='ocrx_word' id='word_1_109' title='bbox 670 2310 759 2392; x_wconf 90' lang='lat' dir='ltr'>quod</span> <span class='ocrx_word' id='word_1_110' title='bbox 778 2311 840 2388; x_wconf 78' lang='lat' dir='ltr'>uni</span> <span class='ocrx_word' id='word_1_111' title='bbox 867 2311 1097 2394; x_wconf 64' lang='lat' dir='ltr'>mentipatete</span> 
     </span>
     <span class='ocr_line' id='line_1_16' title="bbox 169 2423 1128 2511; baseline -0.001 -15"><span class='ocrx_word' id='word_1_112' title='bbox 169 2425 285 2497; x_wconf 84' lang='lat' dir='ltr'>intueri</span> <span class='ocrx_word' id='word_1_113' title='bbox 306 2444 402 2510; x_wconf 86' lang='lat' dir='ltr'>arque</span> <span class='ocrx_word' id='word_1_114' title='bbox 420 2426 460 2490; x_wconf 88' lang='lat' dir='ltr'>ad</span> <span class='ocrx_word' id='word_1_115' title='bbox 480 2424 558 2492; x_wconf 88' lang='lat' dir='ltr'>illud</span> <span class='ocrx_word' id='word_1_116' title='bbox 584 2423 777 2511; x_wconf 74' lang='lat' dir='ltr'>exigeretur</span> <span class='ocrx_word' id='word_1_117' title='bbox 802 2427 898 2494; x_wconf 88' lang='lat' dir='ltr'>hasce</span> <span class='ocrx_word' id='word_1_118' title='bbox 919 2445 1029 2494; x_wconf 84' lang='lat' dir='ltr'>omues</span> <span class='ocrx_word' id='word_1_119' title='bbox 1049 2427 1097 2495; x_wconf 89' lang='lat' dir='ltr'>di-</span> <span class='ocrx_word' id='word_1_120' title='bbox 1126 2434 1128 2439; x_wconf 85' lang='lat'>&#39;</span> 
     </span>
     <span class='ocr_line' id='line_1_17' title="bbox 170 2543 1074 2626; baseline 0.008 -19"><span class='ocrx_word' id='word_1_121' title='bbox 170 2543 349 2626; x_wconf 79' lang='lat' dir='ltr'>dicerimus.</span> <span class='ocrx_word' id='word_1_122' title='bbox 1021 2610 1025 2614; x_wconf 76' lang='grc'><strong>,</strong></span> <span class='ocrx_word' id='word_1_123' title='bbox 1068 2557 1074 2613; x_wconf 90' lang='grc'>.’</span> 
     </span>
     <span class='ocr_line' id='line_1_18' title="bbox 119 2659 1103 2748; baseline 0.006 -23"><span class='ocrx_word' id='word_1_124' title='bbox 119 2688 121 2694; x_wconf 87' lang='grc'><strong><em>·</em></strong></span> <span class='ocrx_word' id='word_1_125' title='bbox 180 2713 183 2723; x_wconf 95' lang='grc'>.</span> <span class='ocrx_word' id='word_1_126' title='bbox 216 2660 279 2726; x_wconf 85' lang='lat' dir='ltr'>Sed</span> <span class='ocrx_word' id='word_1_127' title='bbox 303 2659 386 2729; x_wconf 88' lang='lat' dir='ltr'>aliud</span> <span class='ocrx_word' id='word_1_128' title='bbox 411 2672 460 2726; x_wconf 87' lang='lat' dir='ltr'>est</span> <span class='ocrx_word' id='word_1_129' title='bbox 485 2676 559 2728; x_wconf 87' lang='lat' dir='ltr'>vere</span> <span class='ocrx_word' id='word_1_130' title='bbox 580 2661 620 2728; x_wconf 89' lang='lat' dir='ltr'>de</span> <span class='ocrx_word' id='word_1_131' title='bbox 640 2660 734 2728; x_wconf 85' lang='lat' dir='ltr'>rebus</span> <span class='ocrx_word' id='word_1_132' title='bbox 751 2661 887 2746; x_wconf 85' lang='lat' dir='ltr'>judicare</span> <span class='ocrx_word' id='word_1_133' title='bbox 903 2680 940 2731; x_wconf 89' lang='lat' dir='ltr'>ac</span> <span class='ocrx_word' id='word_1_134' title='bbox 958 2674 1103 2748; x_wconf 83' lang='lat' dir='ltr'>pronun·</span> 
     </span>
     <span class='ocr_line' id='line_1_19' title="bbox 172 2777 1108 2858; baseline 0.003 -14"><span class='ocrx_word' id='word_1_135' title='bbox 172 2777 273 2857; x_wconf 80' lang='lat' dir='ltr'>ciere,</span> <span class='ocrx_word' id='word_1_136' title='bbox 294 2777 397 2858; x_wconf 87' lang='lat' dir='ltr'>aliud,</span> <span class='ocrx_word' id='word_1_137' title='bbox 420 2781 565 2851; x_wconf 74' lang='lat' dir='ltr'>veritatis</span> <span class='ocrx_word' id='word_1_138' title='bbox 589 2792 794 2845; x_wconf 81' lang='lat' dir='ltr'>consecutum</span> <span class='ocrx_word' id='word_1_139' title='bbox 823 2777 985 2847; x_wconf 69' lang='lat' dir='ltr'>miceriam</span> <span class='ocrx_word' id='word_1_140' title='bbox 1014 2796 1108 2849; x_wconf 83' lang='lat' dir='ltr'>esse.-</span> 
     </span>
     <span class='ocr_line' id='line_1_20' title="bbox 175 2893 1101 2984; baseline 0.004 -24"><span class='ocrx_word' id='word_1_141' title='bbox 175 2893 399 2984; x_wconf 63' lang='lat' dir='ltr'>Confuderuut</span> <span class='ocrx_word' id='word_1_142' title='bbox 425 2894 500 2961; x_wconf 88' lang='lat' dir='ltr'>haec</span> <span class='ocrx_word' id='word_1_143' title='bbox 521 2893 597 2968; x_wconf 23' lang='lat' dir='ltr'>‘fere</span> <span class='ocrx_word' id='word_1_144' title='bbox 627 2894 828 2979; x_wconf 81' lang='lat' dir='ltr'>philosophi:</span> <span class='ocrx_word' id='word_1_145' title='bbox 858 2909 893 2962; x_wconf 87' lang='lat' dir='ltr'>et</span> <span class='ocrx_word' id='word_1_146' title='bbox 918 2894 991 2963; x_wconf 88' lang='lat' dir='ltr'>inde</span> <span class='ocrx_word' id='word_1_147' title='bbox 1016 2909 1101 2964; x_wconf 71' lang='lat' dir='ltr'>nnn</span> 
     </span>
     <span class='ocr_line' id='line_1_21' title="bbox 176 3005 1102 3093; baseline 0.006 -21"><span class='ocrx_word' id='word_1_148' title='bbox 176 3009 230 3074; x_wconf 89' lang='lat' dir='ltr'>illa</span> <span class='ocrx_word' id='word_1_149' title='bbox 247 3005 460 3093; x_wconf 84' lang='lat' dir='ltr'>quaestionis,</span> <span class='ocrx_word' id='word_1_150' title='bbox 482 3007 561 3093; x_wconf 85' lang='lat' dir='ltr'>quid</span> <span class='ocrx_word' id='word_1_151' title='bbox 587 3023 632 3072; x_wconf 79' lang='lat' dir='ltr'>est</span> <span class='ocrx_word' id='word_1_152' title='bbox 659 3012 804 3076; x_wconf 70' lang='lat' dir='ltr'>ueritas?</span> <span class='ocrx_word' id='word_1_153' title='bbox 830 3009 1004 3076; x_wconf 87' lang='lat' dir='ltr'>difficultas.</span> <span class='ocrx_word' id='word_1_154' title='bbox 1041 3011 1102 3078; x_wconf 77' lang='lat' dir='ltr'>Ad</span> 
     </span>
     <span class='ocr_line' id='line_1_22' title="bbox 174 3121 1105 3206; baseline 0.005 -17"><span class='ocrx_word' id='word_1_155' title='bbox 174 3126 335 3193; x_wconf 64' lang='lat' dir='ltr'>sumniam</span> <span class='ocrx_word' id='word_1_156' title='bbox 369 3121 438 3195; x_wconf 75' lang='lat' dir='ltr'>siue</span> <span class='ocrx_word' id='word_1_157' title='bbox 465 3121 533 3188; x_wconf 82' lang='lat' dir='ltr'>veri</span> <span class='ocrx_word' id='word_1_158' title='bbox 562 3121 629 3188; x_wconf 89' lang='lat' dir='ltr'>sive</span> <span class='ocrx_word' id='word_1_159' title='bbox 654 3129 707 3193; x_wconf 73' lang='lat' dir='ltr'>eoi</span> <span class='ocrx_word' id='word_1_160' title='bbox 734 3124 813 3200; x_wconf 74' lang='grc' dir='ltr'><em>ὄντος</em></span> <span class='ocrx_word' id='word_1_161' title='bbox 833 3136 913 3203; x_wconf 89' lang='lat' dir='ltr'>quot</span> <span class='ocrx_word' id='word_1_162' title='bbox 936 3136 1105 3206; x_wconf 75' lang='lat' dir='ltr'>etquanta</span> 
     </span>
     <span class='ocr_line' id='line_1_23' title="bbox 177 3236 1105 3331; baseline -0.001 -22"><span class='ocrx_word' id='word_1_163' title='bbox 177 3238 403 3331; x_wconf 53' lang='lat' dir='ltr'>requirentem,</span> <span class='ocrx_word' id='word_1_164' title='bbox 417 3237 588 3325; x_wconf 82' lang='lat' dir='ltr'>enumerari</span> <span class='ocrx_word' id='word_1_165' title='bbox 606 3236 660 3304; x_wconf 85' lang='lat' dir='ltr'>vix</span> <span class='ocrx_word' id='word_1_166' title='bbox 678 3236 801 3321; x_wconf 85' lang='lat' dir='ltr'>possita</span> <span class='ocrx_word' id='word_1_167' title='bbox 824 3238 944 3306; x_wconf 86' lang='lat' dir='ltr'>homini</span> <span class='ocrx_word' id='word_1_168' title='bbox 965 3239 1105 3308; x_wconf 73' lang='lat' dir='ltr'>cernenti</span> 
     </span>
     <span class='ocr_line' id='line_1_24' title="bbox 177 3353 1107 3440; baseline 0.009 -22"><span class='ocrx_word' id='word_1_169' title='bbox 177 3373 244 3432; x_wconf 73' lang='lat' dir='ltr'>pam</span> <span class='ocrx_word' id='word_1_170' title='bbox 265 3355 357 3440; x_wconf 88' lang='lat' dir='ltr'>plene</span> <span class='ocrx_word' id='word_1_171' title='bbox 377 3355 626 3437; x_wconf 83' lang='lat' dir='ltr'>consequendum</span> <span class='ocrx_word' id='word_1_172' title='bbox 652 3353 784 3423; x_wconf 81' lang='lat' dir='ltr'>incultae</span> <span class='ocrx_word' id='word_1_173' title='bbox 813 3357 913 3424; x_wconf 88' lang='lat' dir='ltr'>deest.</span> <span class='ocrx_word' id='word_1_174' title='bbox 957 3356 1107 3440; x_wconf 57' lang='lat' dir='ltr'>Requirii</span> 
     </span>
     <span class='ocr_line' id='line_1_25' title="bbox 178 3471 1118 3559; baseline 0.004 -22"><span class='ocrx_word' id='word_1_175' title='bbox 178 3486 309 3552; x_wconf 87' lang='lat' dir='ltr'>turco,</span> <span class='ocrx_word' id='word_1_176' title='bbox 336 3486 373 3539; x_wconf 91' lang='lat' dir='ltr'>ut</span> <span class='ocrx_word' id='word_1_177' title='bbox 402 3471 458 3537; x_wconf 86' lang='lat' dir='ltr'>has</span> <span class='ocrx_word' id='word_1_178' title='bbox 486 3471 633 3538; x_wconf 90' lang='lat' dir='ltr'>notiones</span> <span class='ocrx_word' id='word_1_179' title='bbox 663 3491 796 3554; x_wconf 87' lang='lat' dir='ltr'>omnes,</span> <span class='ocrx_word' id='word_1_180' title='bbox 834 3492 913 3556; x_wconf 89' lang='lat' dir='ltr'>quas</span> <span class='ocrx_word' id='word_1_181' title='bbox 943 3473 1118 3559; x_wconf 58' lang='lat' dir='ltr'>diximum</span> 
     </span>
     <span class='ocr_line' id='line_1_26' title="bbox 179 3585 1106 3679; baseline 0.004 -22"><span class='ocrx_word' id='word_1_182' title='bbox 179 3603 242 3657; x_wconf 79' lang='lat' dir='ltr'>tum</span> <span class='ocrx_word' id='word_1_183' title='bbox 271 3607 366 3671; x_wconf 78' lang='lat' dir='ltr'>puras</span> <span class='ocrx_word' id='word_1_184' title='bbox 383 3670 387 3679; x_wconf 31' lang='grc' dir='ltr'>Ι</span> <span class='ocrx_word' id='word_1_185' title='bbox 394 3585 612 3678; x_wconf 66' lang='lat' dir='ltr'>perfectasque</span> <span class='ocrx_word' id='word_1_186' title='bbox 640 3587 744 3679; x_wconf 82' lang='lat' dir='ltr'>auimo</span> <span class='ocrx_word' id='word_1_187' title='bbox 764 3605 876 3656; x_wconf 86' lang='lat' dir='ltr'>nostro</span> <span class='ocrx_word' id='word_1_188' title='bbox 896 3607 1106 3677; x_wconf 55' lang='lat' dir='ltr'>repraesentes</span> 
     </span>
     <span class='ocr_line' id='line_1_27' title="bbox 180 3703 1105 3791; baseline 0.002 -18"><span class='ocrx_word' id='word_1_189' title='bbox 180 3723 273 3786; x_wconf 83' lang='lat' dir='ltr'>urus,</span> <span class='ocrx_word' id='word_1_190' title='bbox 296 3719 331 3772; x_wconf 91' lang='lat' dir='ltr'>ut</span> <span class='ocrx_word' id='word_1_191' title='bbox 362 3703 396 3770; x_wconf 90' lang='lat' dir='ltr'>in</span> <span class='ocrx_word' id='word_1_192' title='bbox 423 3704 517 3770; x_wconf 91' lang='lat' dir='ltr'>rebus</span> <span class='ocrx_word' id='word_1_193' title='bbox 541 3705 715 3788; x_wconf 87' lang='lat' dir='ltr'>judicandis</span> <span class='ocrx_word' id='word_1_194' title='bbox 744 3704 810 3771; x_wconf 87' lang='lat' dir='ltr'>falli</span> <span class='ocrx_word' id='word_1_195' title='bbox 836 3725 902 3773; x_wconf 90' lang='lat' dir='ltr'>non</span> <span class='ocrx_word' id='word_1_196' title='bbox 932 3708 1105 3791; x_wconf 84' lang='lat' dir='ltr'>possimus.</span> 
     </span>
     <span class='ocr_line' id='line_1_28' title="bbox 180 3821 1109 3913; baseline 0.005 -26"><span class='ocrx_word' id='word_1_197' title='bbox 180 3822 255 3913; x_wconf 54' lang='lat' dir='ltr'>{luc</span> <span class='ocrx_word' id='word_1_198' title='bbox 274 3869 276 3875; x_wconf 80' lang='lat'><em>·</em></span> <span class='ocrx_word' id='word_1_199' title='bbox 292 3821 382 3891; x_wconf 87' lang='lat' dir='ltr'>multi</span> <span class='ocrx_word' id='word_1_200' title='bbox 415 3821 642 3887; x_wconf 88' lang='lat' dir='ltr'>contenderunt</span> <span class='ocrx_word' id='word_1_201' title='bbox 676 3822 763 3888; x_wconf 88' lang='lat' dir='ltr'>omni</span> <span class='ocrx_word' id='word_1_202' title='bbox 793 3836 911 3892; x_wconf 70' lang='lat' dir='ltr'>aetates</span> <span class='ocrx_word' id='word_1_203' title='bbox 944 3823 1033 3906; x_wconf 92' lang='lat' dir='ltr'>quod</span> <span class='ocrx_word' id='word_1_204' title='bbox 1050 3838 1109 3892; x_wconf 78' lang='lat' dir='ltr'>ex</span> 
     </span>
     <span class='ocr_line' id='line_1_29' title="bbox 182 3924 1109 4031; baseline 0.008 -29"><span class='ocrx_word' id='word_1_205' title='bbox 182 3924 338 4031; x_wconf 68' lang='lat' dir='ltr'>intinnula</span> <span class='ocrx_word' id='word_1_206' title='bbox 354 3937 719 4021; x_wconf 70' lang='lat' dir='ltr'>¹diligentilquepate&#39;t,</span> <span class='ocrx_word' id='word_1_207' title='bbox 742 3941 804 4019; x_wconf 80' lang='lat' dir='ltr'>qul</span> <span class='ocrx_word' id='word_1_208' title='bbox 826 3940 993 4004; x_wconf 77' lang='lat' dir='ltr'>criterium</span> <span class='ocrx_word' id='word_1_209' title='bbox 1016 3949 1109 4023; x_wconf 65' lang='lat' dir='ltr'>neri,</span> 
     </span>
     <span class='ocr_line' id='line_1_30' title="bbox 184 4052 1112 4139; baseline -0.004 -14"><span class='ocrx_word' id='word_1_210' title='bbox 184 4057 324 4137; x_wconf 86' lang='lat' dir='ltr'>itemque</span> <span class='ocrx_word' id='word_1_211' title='bbox 342 4053 444 4136; x_wconf 89' lang='lat' dir='ltr'>pulcri</span> <span class='ocrx_word' id='word_1_212' title='bbox 469 4067 501 4118; x_wconf 90' lang='lat' dir='ltr'>et</span> <span class='ocrx_word' id='word_1_213' title='bbox 524 4052 625 4137; x_wconf 90' lang='lat' dir='ltr'>boni,</span> <span class='ocrx_word' id='word_1_214' title='bbox 648 4054 704 4121; x_wconf 88' lang='lat' dir='ltr'>sed</span> <span class='ocrx_word' id='word_1_215' title='bbox 720 4053 885 4139; x_wconf 75' lang='lat' dir='ltr'>praecipue</span> <span class='ocrx_word' id='word_1_216' title='bbox 902 4058 971 4123; x_wconf 71' lang='lat' dir='ltr'>vari</span> <span class='ocrx_word' id='word_1_217' title='bbox 985 4055 1112 4138; x_wconf 84' lang='lat' dir='ltr'>assequi</span> 
     </span>
     <span class='ocr_line' id='line_1_31' title="bbox 1038 4186 1116 4240; baseline 0 0"><span class='ocrx_word' id='word_1_218' title='bbox 1038 4186 1116 4240; x_wconf 68' lang='lat' dir='ltr'>utut</span> 
     </span>
    </p>
   </div>
   <div class='ocr_carea' id='block_1_2' title="bbox 0 0 1489 5168">
    <p class='ocr_par' dir='ltr' id='par_1_2' title="bbox 0 0 1489 5168">
     <span class='ocr_line' id='line_1_32' title="bbox 0 0 1489 5168; baseline 0 0"><span class='ocrx_word' id='word_1_219' title='bbox 0 0 1489 5168; x_wconf 95' lang='lat' dir='ltr'> </span> 
     </span>
    </p>
   </div>
  </div>
 </body>
</html>
