2896 5168
805 422 977 507 ...9⁶2

415 595 782 694 niaque'exptlearent,
814 604 848 671 id
879 604 1001 675 scilicet
1027 603 1177 674 humente
1197 605 1354 695 cognitio·

414 724 473 793 mis
491 724 581 792 >lines
606 727 700 809 longe
725 723 885 810 lonpeque
910 735 1051 806 superat.
1095 721 1184 791 Tam
1201 727 1263 793 alte
1281 742 1346 797 noa

414 843 563 909 evolasse
585 841 764 920 Platonem,
786 857 804 906 e
831 842 901 906 toti
929 840 987 907 hoc
1015 845 1125 908 nostri
1153 842 1350 926 disquisitio·

413 975 460 1024 ne
489 969 589 1040 patet.
630 954 731 1037 Non,
764 955 843 1038 quin
869 959 1065 1026 contenderit
1090 958 1225 1028 subinde
1247 961 1345 1029 illuct

416 1072 451 1139 id
476 1072 557 1139 effici
578 1090 617 1138 ex
637 1073 709 1158 ipso
730 1074 791 1140 hoc
818 1068 941 1142 Timaeo
972 1076 1079 1142 multis
1104 1077 1183 1145 locis
1213 1093 1344 1162 potent

411 1187 472 1257 sed
503 1189 543 1256 do
574 1189 778 1274 philosophia
808 1190 891 1272 viri,
930 1190 971 1256 de
1001 1192 1072 1274 ipsi
1098 1197 1166 1280 ejus
1201 1197 1348 1277 philoso-

411 1305 530 1391 phandi
560 1307 681 1374 ratione
705 1307 848 1391 agimusa
871 1321 919 1372 est
936 1311 1040 1372 autem
1060 1306 1136 1373 haec
1165 1309 1343 1377 Socraticae

308 1477 311 1484 .
410 1427 505 1511 plane
526 1421 848 1505 cumsimplicitatis‚
871 1419 938 1488 t'unt
962 1418 1133 1488 modestiae
1151 1423 1258 1506 plena.
1300 1425 1339 1491 In

407 1544 511 1608 semet
540 1538 644 1624 ipsum
666 1525 772 1604 nedire
801 1537 1029 1622 philosophum
1055 1538 1168 1624 jubet,
1203 1552 1240 1605 ot
1270 1524 1340 1608 sto·

408 1657 470 1724 diis
496 1656 563 1723 suis
590 1655 715 1741 pulcri,
738 1654 838 1735 boni,
858 1653 957 1743 justi,
977 1653 1079 1722 sancti
1101 1653 1272 1743 esploratis
1290 1653 1339 1741 di·

405 1760 560 1856 licenter,
595 1755 757 1839 convertat
784 1771 888 1838 etad
917 1768 1056 1854 perfecta
1088 1772 1200 1838 horum
1234 1789 1339 1839 exem·

408 1891 532 1974 planias
546 1889 593 1957 sic
623 1904 728 1956 autem
752 1907 824 1956 cum
845 1880 986 1971 perficiat
1014 1905 1108 1969 sese,
1130 1902 1196 1954 tum
1221 1889 1261 1954 nd
1287 1887 1338 1957 dir

375 2007 497 2073 ¹vinae
523 2020 651 2072 naturae
669 2003 894 2090 perfectionem
919 2003 1069 2073 accedam·
1100 2003 1337 2088 simplicissime

404 2118 480 2189 haec
503 2139 580 2189 stne
605 2132 769 2207 praecepta
792 2139 887 2190 sunta
915 2122 996 2189 idem
1016 2122 1100 2189 anim
1124 2133 1334 2206 nos'.sponte

402 2237 513 2306 nostri
540 2251 572 2305 et
587 2235 694 2303 nobis
717 2251 749 2305 et
776 2238 843 2305 aliis
873 2235 1104 2324 praecipimus:
1138 2239 1333 2309 conveniunt

399 2372 504 2423 autem
537 2354 600 2422 illis
627 2368 784 2440 prorsus,
815 2357 960 2439 quaeda
985 2356 1096 2423 divina
1125 2358 1239 2423 natura
1266 2356 1331 2421 dis·

398 2475 510 2542 seruit.
553 2468 629 2538 Non
655 2491 746 2552 eam,
781 2485 939 2552 tamquam
968 2490 1108 2538 caussam
1137 2489 1238 2534 rerum
1263 2488 1333 2534 om·
1442 2521 1444 2525 ,

396 2589 510 2670 mium,
546 2585 751 2663 desomnem,
782 2570 943 2667 ipseper
970 2585 1048 2651 hanc
1069 2594 1240 2666 caussam,
1269 2582 1328 2666 'qui

392 2699 684 2784 metaphysicorum
716 2716 787 2767 mos
815 2713 887 2782 est,
915 2714 1060 2785 procreat
1088 2714 1120 2766 et
1149 2700 1329 2766 moderator

392 2816 514 2884 omnia.
550 2814 725 2882 materiem·
748 2815 900 2898 assumit,
932 2836 1010 2904 quoe
1042 2819 1123 2885 unde
1150 2817 1325 2898 exstiterim

388 2953 461 3003 aon
486 2932 630 3021 quaerit3
672 2934 730 3002 sed
756 2933 860 3001 Deum
891 2932 984 3000 nobis
1016 2951 1082 3001 mm
1113 2935 1159 3002 sic
1188 2933 1326 3001 forman·

390 3065 460 3151 tem
485 3053 525 3121 ad
550 3049 626 3121 boni
655 3049 755 3120 ideam
782 3051 956 3136 proponit,
991 3067 1031 3119 ιιι.
1053 3053 1219 3120 nobismet
1237 3052 1321 3138 ipsis

390 3172 430 3242 io
457 3190 498 3240 eo
525 3183 651 3250 exstet,
681 3169 767 3251 quod
793 3169 833 3236 cd
855 3183 940 3236 recte
959 3171 1112 3253 agendum
1141 3170 1322 3252 imitemunt

385 3292 567 3373 exemplum
594 3283 782 3370 perfectum.
837 3285 936 3372 Quod
963 3300 1068 3351 autem
1098 3285 1321 3353 sublimitatem

385 3404 504 3475 attinet
527 3402 705 3471 Platonicae
731 3402 915 3484 doctrinae,
931 3403 975 3469 ad
992 3403 1070 3469 hanc
1088 3401 1319 3487 percipiendam

387 3524 508 3611 plme,
528 3519 676 3587 -effatom
706 3519 851 3603 Platonis·
874 3519 915 3587 de
944 3519 1086 3602 mundo,
1131 3521 1232 3601 qood-
1247 3520 1323 3603 inde

369 3636 517 3709 ‚domum
545 3650 619 3721 est,
645 3638 883 3706 consideremus
905 3637 1089 3721 praesertim
1102 3658 1120 3704 a.
1145 3660 1207 3706 esse
1223 3622 1344 3706 :hum

384 3751 800 3844 munadpmapom
817 3754 1027 3842 intelligibilis
1044 3731 1317 3842 noemma

384 3868 472 3942 Nm
497 3872 621 3958 elegans
649 3889 732 3938 sane.
754 3885 804 3939 est
828 3870 1092 3940 celebratissimus
1127 3871 1180 3940 ille
1206 3870 1320 3939 Socra·

380 3987 427 4059 als
456 3987 541 4080 apud
564 3987 809 4082 Xenophontem
831 3988 872 4063 de
901 3986 1316 4080 Diispplmoptquonoos

1244 4118 1318 4177 Μ
