2896 5168
934 610 944 635 ,

270 656 391 746 paeto?
411 693 458 713 -
477 658 633 748 Quianam.
650 661 691 727 ad
708 660 794 727 aliud
818 661 986 745 quidquam
1011 659 1203 745 respiciens,

273 777 427 847 civitatem
451 781 501 844 vel
531 756 670 861 ignauam
698 780 748 844 vel
773 775 887 844 fortem
918 778 1080 859 nominet,
1110 799 1202 862 quam

273 896 386 960 adeam
398 909 540 976 partem,
565 912 644 975 quae
660 914 719 977 pro
735 895 804 977 ipsa
819 912 936 979 pugnat
949 916 984 961 ac
1003 897 1136 964 militat?
1155 932 1210 983 -y

207 1008 215 1029 ⁶
273 1008 390 1074 Nullus
408 1025 491 1074 certe
507 1012 545 1074 ad
560 1010 661 1076 aliam.
683 1048 727 1063 -
766 1013 843 1079 Non
863 1013 943 1078 enim
964 1015 1074 1079 caeteri
1092 1013 1125 1078 in
1145 992 1200 1079 iim

273 1125 348 1206 alii,
369 1145 440 1191 cum
459 1129 510 1193 vel
529 1125 630 1209 ignavi
649 1129 698 1193 vel
719 1128 817 1195 fortes
838 1128 922 1209 sint,
944 1130 973 1194 vi
994 1134 1052 1197 sud
1069 1129 1201 1196 efficient

244 1248 248 1256 '
273 1255 309 1306 ut
331 1243 439 1325 ignava
462 1246 511 1310 vel
538 1244 630 1311 fortis
658 1248 714 1313 ait.
733 1257 778 1301 -’
816 1247 893 1313 Non
913 1265 998 1312 sane.
1020 1284 1065 1299 -
1096 1245 1200 1313 Fortia

273 1356 367 1440 igitur
393 1377 480 1447 parte
505 1363 554 1428 sui
575 1361 685 1428 civitas
706 1364 786 1443 erit,
818 1365 904 1444 quod
926 1364 958 1428 in
977 1366 1013 1429 ei
1036 1362 1098 1428 vim
1116 1365 1200 1445 eiua·

271 1477 355 1541 modi
376 1479 491 1558 habet,
508 1499 586 1560 quae
605 1494 757 1562 perpetuo
779 1496 881 1545 servat
902 1481 940 1544 de
961 1479 1055 1545 rebus
1077 1479 1199 1544 terribi-

268 1591 353 1658 libus
384 1594 583 1676 opinionem,
622 1595 688 1659 iilaa
720 1612 771 1659 eas
800 1613 868 1659 esre
889 1582 927 1659 'et
949 1597 1044 1675 tales,
1069 1613 1146 1675 quas
1166 1610 1198 1660 et

271 1708 377 1788 quales
406 1709 438 1772 in
469 1708 666 1773 institutione
695 1710 854 1791 legislator
877 1709 1059 1775 constituit:
1093 1726 1198 1775 nonne

270 1821 348 1919 iaaac
358 1820 572 1889 fortitudinem
583 1824 755 1890 vocasi-
775 1823 853 1890 Nori
863 1824 955 1905 satis,
973 1825 1060 1905 quod
1069 1821 1194 1903 dixisti,
1267 1894 1271 1909 ,

267 1940 413 2021 percepit
436 1939 486 2005 dic
504 1938 629 2004 iterum.
650 1971 700 1990 ·-
736 1941 1017 2008 conservationem
1043 1942 1194 2023 quandam

263 2054 480 2122 fortitudinem
493 2074 563 2121 esse
573 2056 656 2123 dico.
668 2090 714 2109 -
734 2056 835 2142 Quam
849 2056 1195 2121 conservationem?-

264 2170 433 2253 Opinionis
454 2172 621 2253 videlicet,
647 2175 714 2255 lege
739 2192 794 2254 pcr
820 2171 1032 2237 educationem
1060 2191 1195 2253 concep·

247 2301 335 2377 tae,
365 2308 426 2369 qua
446 2291 623 2373 judicatur,
655 2308 733 2370 quae
758 2285 906 2353 terribilia
933 2288 998 2353 sint
1018 2289 1049 2353 et
1075 2288 1191 2383 qualia.

261 2404 298 2471 In
324 2405 470 2471 omnibus
495 2422 596 2471 autem
623 2425 687 2471 eam
713 2405 983 2471 conservationem
1010 2403 1189 2481 essedum,

261 2535 297 2585 ιιι
316 2535 379 2588 rata
402 2541 523 2603 semper
541 2538 572 2586 et
594 2521 712 2602 ubique
732 2536 896 2599 servetur,
923 2521 990 2585 sive
1010 2519 1080 2601 quis
1101 2520 1190 2586 doio·

260 2637 348 2729 ribus
369 2657 425 2702 seu
448 2635 664 2720 voluptatibus
690 2653 742 2699 aut
768 2634 995 2717 cupiditatibus
1019 2651 1072 2699 aut
1098 2635 1191 2699 timo·

258 2753 346 2818 ribus
374 2748 621 2832 afficiat11r3nec
649 2753 714 2816 uilo
738 2766 831 2833 pacto
859 2749 931 2831 quis
960 2764 1091 2832 propter
1113 2753 1188 2816 haec

259 2868 298 2933 ab
319 2887 353 2934 ea
375 2870 582 2952 dimoveatur.
600 2870 642 2938 (Ι)

298 2970 333 3051 id
352 3003 451 3049 autem
470 3002 506 3051 ut
524 3002 606 3051 recte
621 2986 828 3067 intelligatur,
851 2983 1009 3050 Socratem
1026 2985 1077 3051 hic
1097 2984 1186 3052 Plato

257 3100 375 3166 inducit
394 3101 505 3169 eximia
526 3103 655 3182 quadam
677 3102 832 3184 longeque
850 3099 1092 3167 celebratissimi
1113 3101 1187 3167 ima·

256 3217 328 3297 gine
348 3230 497 3283 utentem.
539 3218 604 3285 Cui
633 3231 734 3283 autem
761 3217 863 3283 simile
888 3216 920 3280 id
945 3236 1014 3283 esse
1034 3218 1186 3299 arbitrer,

255 3331 283 3397 si
312 3331 385 3408 vis,
407 3332 464 3396 tibi
485 3336 633 3416 aperiam.
655 3370 700 3385 -
729 3332 835 3417 Cupio
859 3335 1017 3416 equidem.
1039 3370 1085 3388 ·-
1112 3336 1187 3401 Ful·

253 3451 364 3529 lones,
392 3451 531 3529 novisti,
562 3452 618 3518 ubi
639 3451 757 3535 tingere
783 3451 898 3516 volunt
921 3452 1026 3532 lanas,
1057 3463 1094 3516 ut
1122 3450 1187 3519 sint
1275 3523 1277 3528 ,

256 3586 447 3650 purpureae,
470 3568 602 3649 primum
620 3570 757 3652 eligunt,
780 3586 861 3650 quae
880 3571 990 3633 natura
1009 3565 1072 3631 sint
1092 3586 1184 3650 quam

253 3678 385 3749 maxime
412 3684 518 3749 albaee
574 3684 683 3750 deinde
717 3699 899 3768 praeparant
928 3702 979 3748 eas
1009 3684 1091 3751 haud
1122 3702 1187 3748 me·

251 3799 350 3871 diocri
376 3801 483 3867 studio
512 3815 543 3866 er
572 3819 687 3884 opera,
723 3815 758 3867 ut
782 3800 881 3885 ipsum
910 3800 1058 3883 deinceps
1085 3801 1186 3866 susci·

1129 3940 1183 4002 pa·

283 4066 324 4134 (ι)
343 4068 387 4118 De
403 4069 474 4135 Καρ.
493 4064 545 4119 lv.
563 4067 623 4136 ὂψ
645 4065 771 4118 r.-1>.

699 4165 731 4231 G
