2896 5168
533 519 724 601 -229-

159 693 248 776 spots·
271 698 521 768 una‚unamqut
537 680 650 745 habens
670 683 845 769 antiquitus
862 678 1019 768 proditam
1031 702 1087 749 ra·

161 795 295 876 siemera,
316 786 415 861 simile
433 792 571 883 quodque
586 798 706 878 simili,
728 800 838 885 quippe
857 815 1016 883 congruo,
1035 818 1088 862 ac·

157 923 276 994 ceptum
296 914 488 998 amicumque
517 933 598 996 esse‚·
623 916 797 1000 incongrua
822 934 894 979 uero
916 928 1011 998 atque
1026 916 1086 975 im·

158 1023 276 1090 modica
304 1048 358 1092 nec
388 1028 507 1094 sibimet
534 1032 664 1096 inuicem
694 1050 750 1094 nec
771 1028 895 1095 modicis
927 1030 1087 1112 congruis-

156 1160 217 1226 que
235 1146 410 1210 conueniret
450 1143 577 1230 Quibus
598 1144 781 1228 subjungit:
815 1150 830 1214 ὃ
860 1149 901 1225 tt,
933 1149 1018 1220 tete
1046 1136 1083 1223 tis

157 1268 224 1341 μῑν
264 1261 419 1329 πάντων
459 1264 682 1347 χρημάτων
724 1264 871 1345 μέτρον
924 1264 969 1330 ἂν
1018 1261 1080 1337 tin

156 1375 368 1453 μάλιστα,
402 1379 468 1444 καὶ
500 1383 602 1446 πολὺ
634 1384 797 1460 μᾶλλον
829 1381 846 1457 ἥ
877 1403 956 1446 που
986 1377 1082 1453 τὶς,

157 1488 204 1565 ὅς
235 1500 385 1573 φασιν,
419 1495 640 1575 ἄνθρωπος.
690 1489 1000 1577 Deus't'giturnobit
1021 1509 1086 1555 om.-

157 1603 243 1665 nium
265 1620 372 1667 rerum
393 1601 499 1672 modus
515 1624 722 1692 mensuraque
742 1625 802 1670 esse
823 1605 952 1684 debeat,
974 1606 1085 1671 multo·

56 1715 60 1723 ’
161 1738 220 1804 que
241 1724 342 1803 magis
362 1741 456 1804 quam
478 1721 563 1787 homo
583 1724 675 1808 quis,
697 1736 733 1787 ut
743 1721 835 1789 aiunt
845 1731 871 1784 υ
890 1763 900 1786 .
937 1722 1087 1787 Consen-

159 1845 247 1897 taces
271 1834 344 1898 hacc
363 1835 426 1900 illis
445 1852 542 1917 suut,
565 1856 644 1918 quae
664 1836 696 1902 in
718 1836 935 1920 superioribus
954 1837 993 1901 de
1008 1812 1098 1902 ideis·

157 1949 326 2031 divinique
344 1955 453 2018 natum
472 1952 628 2020 diximus:
653 1951 786 2035 quorum
817 1955 890 2018 haec
915 1949 981 2019 fere
1008 1970 1086 2037 cou-

155 2064 260 2133 clusio
280 2064 361 2132 fuit:
387 2068 487 2135 Deum
513 2091 582 2136 -esse
610 2069 793 2137 mortalibus
822 2072 918 2157 ipsius
939 2071 1085 2134 ueritatis

155 2188 181 2250 i.
206 2205 234 2248 e·
264 2187 424 2265 omnium,
460 2205 541 2270 quat
570 2198 663 2266 sunt,
704 2187 800 2271 ipsius
826 2183 958 2271 pulcri,
988 2181 1084 2263 boni,

145 2281 251 2382 justi,
279 2306 399 2379 sancti,
431 2322 605 2381 runcinum,
636 2299 720 2387 quod
740 2303 935 2378 imitentur,¹
954 2319 1083 2364 exem·

153 2421 269 2506 plor.
299 2419 345 2478 (²)
376 2418 436 2483 Sed
467 2418 522 2482 hac
552 2417 669 2498 nobis,
699 2436 789 2498 quam
821 2434 904 2481 nunc
938 2414 1086 2480 excitavi·

156 2552 249 2614 mus,
271 2537 424 2602 sententis
446 2534 595 2617 praecipit
614 2534 724 2613 Plato,
748 2532 819 2614 quis
847 2533 981 2612 modus,
1004 2551 1083 2612 quae

153 2652 252 2716 veluti
273 2671 415 2718 mensura
446 2651 509 2731 sit,
530 2652 569 2716 ad
596 2669 687 2730 quum
721 2666 849 2715 nostros
877 2649 910 2713 in
944 2647 1084 2715 veritatis

154 2767 285 2834 scientia
304 2768 454 2850 omnique
465 2765 655 2850 perfectione
670 2785 855 2850 progressus
876 2780 906 2830 et
923 2765 1082 2849 exigamus

154 2899 188 2946 et
202 2885 292 2963 quasi
310 2886 484 2949 metiamurss
527 2884 642 2949 Divina
661 2885 746 2965 apud
768 2902 838 2948 rum
863 2898 937 2948 sunt
955 2885 1082 2967 pulcra,

82 3084 84 3088 Ι
154 2996 237 3061 bona
268 3010 298 3060 et
326 2996 480 3077 quidquid
505 2996 685 3078 hujusmodi
716 3010 762 3058 est
782 2995 853 3062 (sic
894 3015 972 3077 quae
995 3000 1082 3064 Deus

155 3111 287 3178 intuitus
307 3129 372 3188 est,
400 3130 497 3191 quum
523 3112 671 3177 muudum
699 3112 783 3177 huuc
816 3111 1016 3189 informaret,
1050 3129 1096 3180 et.

155 3229 187 3293 in
207 3228 407 3313 gubernando
428 3227 483 3291 illo
512 3225 652 3293 intuetur
669 3227 868 3309 imitaturque
885 3244 1080 3296 constanter.

156 3348 232 3432 Quo
253 3346 347 3429 igitur
366 3346 405 3410 td
426 3344 477 3409 ilia
498 3332 630 3427 propius
657 3344 897 3426 accesserimus,
928 3364 966 3409 eo
986 3347 1083 3428 majo-

154 3483 205 3528 res
225 3461 388 3529 fecerimus
414 3461 446 3524 in
475 3460 560 3525 omni
581 3464 695 3526 virtute
718 3479 752 3526 ac
770 3461 837 3526 veri
855 3462 984 3527 scientis
1007 3481 1082 3546 pro·

156 3597 302 3663 gressus,
325 3597 425 3658 eoque
456 3577 598 3659 proxime
628 3577 668 3642 ab
691 3577 792 3660 ipsius
812 3578 934 3644 divinae
954 3593 1081 3645 naturae

156 3693 296 3782 perfectu
318 3693 498 3760 conditione
528 3691 666 3761 abfuturi
693 3712 823 3760 sumus:
847 3699 939 3761 etsie
958 3695 1082 3776 quidem

1015 3825 1080 3873 uon

192 3936 297 4006 (1)Ds
315 3938 402 4007 Iaegg·
420 3929 474 3986 Ν.
493 3934 552 4001 716.
570 3933 604 3989 C.
735 3935 775 4005 (α)
798 3931 885 4003 supra
901 3949 929 4000 p.
947 3931 1005 3985 115·
1033 3903 1037 3911 ¹

91 4036 94 4041 '
191 4034 231 4106 (3)
251 4034 371 4088 fruatur.
389 4033 449 4089 246.
465 4030 504 4086 D·
