2896 5168
700 452 896 512 -sad-

333 631 410 698 ioris
429 629 552 708 verbis,
566 645 633 709 quo
651 628 773 709 plenius
793 620 1015 709 intelligeretur
1034 629 1260 711 expressimus

334 748 469 814 Accedat
486 761 608 822 autem,
628 746 744 822 credo,
768 744 981 827 interpretatio
997 762 1136 828 oportet.
1179 747 1264 812 Nam

335 871 504 946 repugnare
534 861 607 925 haec
629 861 657 924 si
685 878 749 924 nou
778 861 983 944 opinionibus
1007 862 1147 941 nostris,
1179 876 1265 927 certe

336 980 492 1064 cogitandi
524 994 648 1044 nostrae
688 978 922 1059 disserendique
951 977 1062 1044 rationi
1096 980 1262 1056 videntur,

337 1097 393 1164 uui
422 1097 461 1161 de
481 1095 602 1178 justitia
629 1094 762 1178 agimus.
806 1095 982 1161 Memorare
1010 1115 1070 1161 uos
1097 1096 1162 1161 fere
1190 1113 1265 1160 cum

338 1214 443 1298 leges,
468 1229 532 1276 tum
551 1229 690 1291 poenas,
713 1226 777 1274 turn
802 1212 919 1295 judicia
942 1230 976 1277 ac
999 1212 1164 1278 tribunalia
1183 1214 1265 1278 soie»

340 1348 432 1406 mus,
454 1330 503 1393 de
532 1329 647 1409 quibus
678 1328 708 1392 in
738 1328 788 1392 his
811 1329 955 1393 omnibus
982 1328 1121 1394 Socratis
1145 1348 1265 1394 sermm

337 1443 432 1510 nibus
453 1445 507 1510 rix
527 1446 643 1510 mentio
665 1445 711 1509 lit.
754 1445 887 1527 Agimus
911 1445 982 1510 item
1013 1446 1052 1511 de
1076 1446 1266 1527 quaestioni·

339 1561 399 1626 bus
424 1563 525 1644 iuris,
560 1576 787 1640 utrumnum,
822 1561 1088 1643 intricatioribus‚
1120 1564 1266 1646 quemad-

339 1681 464 1745 modum
487 1680 525 1743 de
546 1678 585 1744 iis
602 1678 704 1762 judici>
720 1678 987 1759 pronunciandum
1008 1677 1068 1746 sita
1092 1696 1156 1760 quo
1176 1697 1265 1762 spee-

305 1859 311 1869 ,
338 1812 383 1862 tat
405 1797 534 1863 maxime
555 1795 797 1881 iurisprudentia
828 1778 949 1864 nostra}
1012 1796 1048 1862 Id
1075 1816 1150 1862 vero
1179 1815 1267 1880 prae·

340 1913 425 1978 misit
452 1914 490 1978 de
513 1912 664 1978 industrii
685 1911 785 1976 Plato.
852 1913 1017 1979 Caeterum
1048 1912 1158 1993 mirum
1186 1930 1267 1978 non·

340 2028 462 2107 nullis,
485 2031 616 2110 opinor,
639 2044 677 2091 ue
702 2028 801 2091 dicam
829 2027 1021 2108 absurdum,
1042 2029 1200 2110 videatur,
1223 2028 1266 2095 ita

339 2146 379 2211 de
400 2147 522 2230 lustitia
551 2147 582 2209 ira
613 2144 738 2210 civitate
767 2145 994 2227 pronunciare,
1015 2145 1106 2227 quasi
1131 2146 1194 2211 illie
1222 2144 1265 2211 sit

340 2260 492 2336 maxime,
525 2259 578 2323 uiri
604 2259 739 2342 quisque
769 2262 900 2324 maxime
931 2278 991 2324 suo
1018 2274 1106 2325 vacet
1137 2260 1264 2342 officio,

340 2392 397 2441 nee
423 2395 564 2460 peragere
591 2379 677 2457 quod
707 2377 836 2441 aliorum
867 2391 914 2440 est
940 2378 1074 2447 studeat.
1126 2380 1194 2445 Into
1214 2397 1267 2445 ue·

340 2510 397 2574 ro,·
424 2496 529 2579 ajunt,
562 2495 614 2558 ubi
644 2511 675 2558 et
704 2493 839 2577 optimae
869 2509 944 2558 sunt
975 2493 1057 2576 leges
1090 2511 1120 2559 et
1145 2495 1264 2578 judices

340 2610 477 2692 optimi,
517 2629 573 2674 uec
598 2611 713 2676 civium
743 2612 870 2674 libertas
899 2609 1083 2674 cohibendis
1118 2609 1264 2677 maleficia

338 2730 457 2811 optime
486 2729 679 2804 vindicatur,
705 2729 766 2792 illic
798 2728 920 2790 demum
946 2726 976 2789 in
998 2725 1125 2789 ciuitate
1142 2725 1264 2809 justitia
1370 2776 1375 2785 .

339 2860 400 2924 est.
474 2847 536 2911 Sed
568 2863 628 2909 nos
656 2843 851 2927 explicandae
881 2843 1056 2908 Platonicae
1083 2842 1265 2927 doctrinae,

340 2965 372 3027 in
402 2983 492 3045 quam
519 2963 578 3027 ista
605 2960 749 3042 profecto
781 2977 844 3025 nou
875 2960 916 3025 ita
948 2975 1061 3026 temere
1085 2959 1266 3045 jaciuntur,

341 3063 442 3164 ipsum
467 3083 623 3144 Platonem
645 3079 841 3160 interpretem
864 3077 1076 3143 adhibeamus.

335 3201 340 3207 ’
386 3200 476 3262 Haud
498 3215 570 3260 saue
593 3196 715 3278 negavit
737 3194 972 3277 philosophus,
994 3213 1049 3272 ea,
1077 3214 1155 3274 quae
1173 3169 1268 3260 'nunc

342 3316 436 3396 vulgo
463 3313 632 3389 dicuntur,
665 3314 702 3377 ad
729 3310 881 3394 justitiam
910 3309 942 3372 in
973 3308 1098 3375 civitate
1127 3315 1269 3394 proxime

341 3433 515 3512 pertinere;
539 3431 593 3492 sed
619 3447 679 3493 rem
708 3429 759 3491 ille
789 3423 945 3505 indagavit
970 3425 1112 3491 interius.
1166 3430 1269 3515 Quae·

340 3547 438 3623 sivit,
477 3543 732 3626 quemadmodum
763 3540 874 3622 optimi
906 3541 936 3602 iu
968 3541 1094 3608 civitate
1121 3546 1270 3610 exsistere

340 3680 410 3727 cum
437 3658 632 3742 magistratus
662 3674 692 3735 et
713 3659 927 3740 legislatores,
956 3672 1021 3724 tum
1043 3662 1164 3743 judices
1193 3678 1268 3741 pos·

339 3791 430 3853 sent,
454 3790 488 3839 ut
511 3775 646 3857 optimae
667 3772 933 3837 constituerentur
954 3774 1059 3856 leges,
1082 3775 1267 3854 eaedemque

338 3892 377 3954 ad
407 3890 574 3954 libertatem
613 3888 807 3968 salutemque
840 3888 954 3954 civium
990 3890 1132 3954 tuendam
1167 3889 1267 3956 viudi-

336 4021 491 4070 sareutur.
541 4005 577 4070 Id
601 4005 672 4069 inde
695 4005 894 4086 repetendum
915 4003 1061 4086 censuit,
1083 4005 1110 4071 si
1131 4007 1268 4088 quisque

1237 4145 1268 4189 ru
