2896 5168
523 510 717 573 ..149-

150 671 255 753 leges:
290 685 354 736 tum
385 672 421 735 de
449 670 599 752 augendis
621 670 739 736 divitiis
764 673 955 736 aemulantur
976 668 1079 735 s'ecunt

147 786 281 852 invicem
302 804 333 852 et
353 802 543 856 concertant.
576 788 651 871 Quo
675 807 748 851 vero
769 790 885 872 majore
905 789 935 851 in
957 787 1082 852 civitate

147 903 270 967 honore
302 904 428 967 divitiae
456 923 490 967 ac
522 903 635 969 divites
665 905 841 983 habentur,
881 922 918 968 eo
960 905 1080 969 rninorc

151 1019 304 1084 habentur
331 1021 431 1084 virtus
461 1038 492 1085 et
524 1021 597 1085 boni
628 1022 726 1086 cives.
782 1027 936 1090 ’nescirer
962 1019 1081 1086 scilicet

147 1139 185 1203 τὸ
220 1139 268 1203 ἀεὶ
298 1140 481 1219 τιμώμενον,
513 1143 675 1220 ἀμελεῖται
710 1142 740 1207 δὲ
776 1143 810 1207 τὸ
848 1139 1076 1223 ἁτιμαζδμενον·

147 1250 259 1333 Itaque
279 1254 391 1317 divites
413 1254 452 1318 ad
476 1254 673 1336 magistratus
698 1256 898 1333 evehuntur,
928 1270 1079 1336 pauperes

148 1384 404 1435 contemnuntur.
458 1370 542 1435 Hinc
571 1373 680 1436 damna
709 1370 854 1436 oriuntur
883 1369 1078 1450 gravissima.

147 1482 224 1548 Non
254 1486 334 1550 enirn
367 1504 468 1553 rerum
507 1487 622 1569 periti,
658 1489 712 1553 sed
743 1486 863 1552 divitiis
896 1486 1076 1551 excellentes

146 1600 302 1669 civitatem
335 1602 523 1684 prrbemant:
553 1619 618 1667 non
649 1622 709 1667 uns
736 1618 838 1668 manet
862 1601 995 1677 civitas,
1022 1600 1077 1664 sed

140 1717 300 1782 exsistunt
328 1721 425 1798 derce,
452 1720 546 1783 altera
574 1720 732 1798 divitum,
765 1737 934 1803 pauperum
959 1718 1073 1793 altera,

141 1832 203 1896 sibi
223 1833 352 1898 invicem
373 1833 535 1899 inimicae:
565 1836 618 1899 vix
640 1835 754 1900 bellurn
776 1835 936 1917 suscipere
957 1832 1072 1915 princi-

143 1966 202 2028 pes
219 1949 356 2029 audent,
377 1950 495 2031 plebem
519 1967 662 2016 armatam
685 1951 804 2035 magis,
825 1969 921 2032 quarn
947 1951 1073 2026 hostes,

143 2063 400 2130 reformidantes:
431 2082 496 2130 tuna
526 2086 623 2146 vero,
653 2070 739 2149 quod
765 2066 979 2152 gravissimum
1010 2084 1072 2129 ma-

140 2172 206 2236 lum
232 2186 304 2250 est,
330 2190 367 2237 ut
392 2173 508 2253 cuique
541 2175 612 2241 iicet
639 2193 696 2239 sua
718 2177 827 2240 omnia
855 2175 1006 2251 alienare,
1030 2173 1071 2236 ita

143 2302 219 2352 sunt
247 2289 302 2368 qui
330 2291 405 2355 haec
433 2293 617 2373 acquirant;
639 2293 722 2358 unde
742 2291 833 2356 turba
851 2288 975 2355 exsistit
995 2307 1066 2353 cum

139 2405 376 2485 mendicorum,
403 2422 468 2470 turn
481 2408 712 2473 maleficorum.¹
735 2408 823 2473 Taiis
844 2407 939 2490 igitur
957 2405 1068 2470 civitas

139 2536 188 2585 est
217 2542 387 2604 paucorum
412 2523 542 2606 imperio
566 2526 705 2611 subjecta
725 2539 755 2588 et
783 2540 831 2588 tot
850 2524 966 2603 habet,
988 2523 1070 2588 forte

131 2639 196 2704 alia
214 2638 312 2717 item,
333 2642 420 2710 maia.
445 2639 486 2706 (ί)

183 2757 341 2837 Suspicari
362 2758 422 2820 hoc
442 2761 512 2822 loro
526 2757 621 2836 licet,
641 2757 751 2820 denuo
771 2755 944 2838 respexisse
966 2757 1066 2818 Pleto-

133 2889 208 2935 nem
239 2871 555 2937 Lacedaemoniorum
587 2872 829 2954 rempublicam,
865 2889 930 2938 non
959 2875 1064 2952 prouti

136 3002 225 3052 antea
248 2987 422 3072 eLycurgi
452 2990 575 3071 legibus
605 2989 729 3068 fuerat,
758 2990 812 3053 sed
838 2984 1063 3069 qualis‘ipsius

133 3120 214 3166 aevo
236 3121 305 3169 esse
343 3120 499 3185 coeperat·
559 3085 646 3172 ‘Nam
690 3123 786 3188 opum
826 3102 1064 3182 divitiarumque

132 3220 275 3284 studium
303 3220 463 3302 Spartam,
499 3237 574 3303 post
614 3221 728 3286 bellurn
768 3221 799 3285 in
832 3219 939 3301 primis
975 3219 1062 3282 Pelo-

136 3340 348 3421 ponnesium,
380 3338 551 3422 invasisse,
591 3356 622 3407 et
650 3342 780 3407 historia
808 3343 900 3405 docet
931 3356 962 3404 et
991 3337 1061 3401 aliis

132 3457 214 3523 iocis
260 3458 348 3524 Plato
399 3475 630 3530 commemorat.
703 3459 868 3526 Caeterum
911 3455 1061 3534 quadrent

127 3575 224 3659 plane
249 3575 281 3639 in
313 3576 479 3658 Spartanae
509 3576 695 3659 reipublicae
724 3572 959 3639 conversionem
988 3588 1059 3634 cor-

132 3691 396 3775 ruptionemque,
420 3711 499 3773 quae
526 3694 586 3759 hoc
614 3708 723 3758 nostro
747 3694 818 3756 ioco
849 3688 993 3754 Socrates
1021 3690 1059 3751 de

126 3806 301 3890 oligarclria
330 3820 447 3874 monet.
491 3809 701 3877 Veruntamen
723 3809 865 3874 universe
886 3806 1059 3886 respexisse

988 3924 1058 3989 i‘la·

166 4091 207 4161 (ι)
228 4093 272 4146 m
287 4096 358 4168 nes.
376 4093 463 4150 vrit.
479 4093 539 4151 sto.
554 4095 587 4148 o.
599 4124 632 4139 -
643 4093 754 4150 esus.
