2896 5168
617 506 808 567 -118-

249 692 406 772 junctam·
426 685 544 766 luisse,
588 699 623 747 nt
659 687 766 758 litatae
802 680 954 747 diceretur
978 679 1177 758 virbonus,

255 805 402 869 omnibus
426 801 596 868 virtutibus
619 801 658 866 ad
683 801 763 866 bene
789 797 956 865 vivendum
984 797 1177 867 instructus:

256 940 320 1001 quo
348 920 405 1001 fir,
440 898 473 984 nt
506 917 708 1002 perfectionis
737 916 897 1000 cujusdam
927 914 1113 996 significatio
1147 913 1180 978 in

256 1054 320 1103 tota
353 1039 407 1102 hac
429 1036 564 1104 Platonis
588 1033 800 1115 disputatione
829 1032 1017 1098 dominetur.
1071 1030 1183 1098 Dicere

258 1172 401 1237 poterat,
414 1154 537 1237 justam
559 1168 629 1218 esse
650 1149 813 1232 perfectam
833 1150 914 1214 illam
940 1150 1182 1232 rempublicam,

256 1270 329 1352 quia
348 1268 566 1350 unnsquisque
588 1264 674 1356 inea
692 1285 751 1331 sno
772 1267 945 1348 peragendo
964 1265 1067 1330 officio
1090 1285 1180 1332 sunm

256 1386 371 1465 cuique
398 1383 566 1463 tribueret,
596 1383 703 1448 bonam
730 1401 804 1447 vero
832 1379 1077 1464 perfectamque,
1110 1382 1183 1463 quia

257 1518 349 1568 suum
373 1500 508 1584 quiaque
536 1513 705 1583 perageret.
770 1498 833 1565 Sed
859 1499 918 1562 hoc
940 1499 1018 1582 justi
1042 1497 1183 1579 bonique

255 1618 420 1684 discrimen
446 1619 497 1684 hle
528 1636 592 1683 non
621 1615 785 1700 expressit.
841 1617 1005 1682 Caeterum
1034 1616 1183 1698 interpre-

255 1735 339 1807 tandi
367 1755 427 1802 nos
455 1735 618 1816 Platonis,
648 1749 712 1798 non
742 1733 884 1799 laudandi
914 1748 968 1798 aut
998 1731 1182 1799 defendendi

257 1869 360 1936 partes
382 1852 604 1934 suscepimus3
649 1866 849 1916 veruntamen
867 1852 1104 1917 animadvertere
1125 1868 1184 1915 no·

255 1967 423 2046 bislicet,
466 1986 531 2032 non
556 1968 597 2031 ita
629 1969 724 2048 longe
756 1967 911 2030 Platonem
943 1986 959 2029 a
989 1971 1097 2032 nostrl
1130 1980 1185 2030 co·'

257 2081 373 2164 girandi
406 2080 621 2162 loquendique
650 2081 769 2145 rarione
797 2080 991 2147 discessisse.
1056 2082 1181 2147 Etenim

255 2199 305 2261 les
341 2195 412 2273 illa,
450 2215 540 2276 quam
579 2194 617 2259 ab
658 2194 748 2258 initio
789 2197 821 2260 in
856 2198 1016 2264 condenda
1057 2198 1183 2264 civitate

257 2311 410 2392 sancini,
458 2329 490 2377 nt
532 2331 623 2376 snum
665 2311 881 2393 unusquisque
917 2313 947 2377 ln
990 2332 1181 2383 caeterorum

257 2429 394 2493 omnium
426 2447 516 2493 usum
549 2446 727 2512 perageret,
761 2427 827 2510 ipsa
852 2444 899 2495 est
920 2431 1181 2515 jurisprudentiae

256 2561 381 2612 nostrae
404 2549 453 2611 lex
482 2564 623 2623 summa,
647 2566 664 2612 a
687 2545 907 2630 jureconsultis
933 2547 1081 2614 Romanis
1108 2569 1183 2630 pro·

256 2664 342 2743 dita,
376 2682 472 2746 quum
500 2664 662 2730 delinirent
688 2663 860 2748 justitiam,
890 2679 1077 2729 constantem
1098 2664 1179 2728 illam

257 2800 323 2848 esse
348 2797 379 2846 cr
395 2797 576 2869 perpetuam
599 2782 787 2846 uoluntatem
806 2782 969 2857 jussuum
990 2783 1102 2866 cuique
1121 2786 1183 2847 tri·

255 2897 378 2964 bacndi.
442 2897 479 2963 Id
508 2894 588 2962 enim
619 2897 687 2962 fieri
721 2900 809 2962 nullo
838 2899 932 2964 modo
964 2914 1088 2980 potest,
1121 2900 1182 2966 nisi

257 3016 390 3098 primum
419 3015 490 3096 quis
520 3033 610 3079 sunm
645 3015 711 3097 ipse
741 3015 874 3079 osticium
909 3031 991 3081 recte
1015 3017 1180 3099 peregerit.

172 3184 176 3190 .
259 3133 318 3196 lllc
350 3146 450 3194 autem
486 3148 544 3196 nos
575 3134 664 3195 locus
692 3134 859 3211 admonet,
902 3149 936 3197 nt
977 3134 1015 3198 de
1055 3135 1183 3217 politica
1249 3110 1253 3125 ¹

258 3265 418 3324 veterum,
441 3263 505 3310 tuan
537 3247 626 3311 etiam
656 3248 694 3311 de
721 3246 858 3329 politicis
886 3249 1023 3314 Platonis
1052 3252 1183 3336 dialogis

259 3362 401 3428 nonnihil
421 3362 619 3428 adducamus.

462 3595 517 3660 De
547 3596 747 3681 polluar
777 3596 990 3668 Veterum.

304 3828 417 3894 Exstat
446 3829 529 3910 apud
554 3828 709 3893 Platonem
733 3830 917 3912 pulcerrima
937 3833 975 3895 de
997 3833 1180 3898 Prometheo

260 3962 291 4010 et
322 3945 507 4028 Epimetheo
536 3944 663 4025 fabula,
706 3965 784 4027 quae
816 3948 944 4014 maxime
978 3965 1037 4012 nos
1070 3950 1182 4033 docet,

261 4081 351 4145 qnam
379 4063 509 4132 Vererer
535 4061 599 4128 fere
625 4062 837 4148 ,intellexerint
866 4062 1034 4148 politicam.
1098 4069 1181 4136 Nam

1145 4200 1180 4252 ut
