2896 5168
611 491 808 553 miss-,-

250 658 368 721 nullum
389 672 453 717 nott
474 651 677 732 cupiditatum
697 668 794 733 genus
814 651 984 732 excitetur,
1003 652 1093 732 isqttc
1111 667 1177 716 tan·

251 771 345 850 dent,
370 768 454 833 omni
484 771 589 849 spreta
616 764 746 830 rationis
770 765 974 847 auctoritate,
1002 784 1058 832 nec
1083 766 1176 847 quid·

252 906 344 968 quarn
371 885 486 949 habens
509 888 539 952 ἐν
560 888 601 968 τῷ
622 887 768 966 θυμοειδεῖ
785 882 951 965 praesidii,
972 897 1059 949 totus
1081 903 1098 948 a
1120 903 1176 951 cu·

249 1000 453 1086 piditatibus‚
482 1014 511 1065 ct
529 998 784 1082 pervicacissimis
804 1001 927 1080 quidem
949 1000 1064 1064 illisae
1087 1019 1176 1083 prot·

251 1138 307 1183 sus
338 1116 516 1196 effrenatis,
553 1116 683 1199 pendeat
707 1135 742 1181 ac
771 1131 905 1199 regatur.
967 1116 1084 1181 Verum
1115 1117 1175 1180 hoc

252 1236 407 1300 nunonis
433 1236 654 1300 demonstraret
684 1234 790 1314 Plato,
830 1235 868 1300 ad
897 1234 1111 1299 democratiam
1145 1249 1176 1297 et

250 1351 440 1433 tyrannidem
463 1350 597 1414 animum
617 1361 761 1415 nostrum
781 1351 1023 1414 convertendum
1040 1349 1177 1417 censuit·

250 1468 320 1540 Nos
340 1468 435 1551 igitur
455 1483 618 1548 pergamus
639 1465 726 1532 illuc.

428 1696 493 1760 De
522 1694 787 1760 democratia
817 1712 855 1759 ct
883 1700 979 1763 tiro

565 1828 852 1896 demonatico.
932 1858 935 1864 ¹

293 2065 424 2143 Oritur,
447 2066 511 2143 ait,
530 2084 567 2128 ex
590 2065 757 2145 oligarchid
776 2067 962 2131 democratia
983 2083 1109 2149 propter
1130 2067 1176 2133 in-

249 2180 418 2246 satiabilem
438 2180 614 2245 divitiarum
637 2183 851 2264 cupiditatem.
887 2185 990 2263 Nam,
1011 2201 1043 2248 ut
1062 2187 1175 2250 divites

251 2313 347 2375 sunt,
366 2298 420 2378 qui
444 2298 496 2360 tali
514 2298 634 2362 civitati
659 2315 826 2382 praesunt,
853 2300 893 2364 ita
919 2301 949 2364 lti
975 2302 1106 2384 juvenes
1132 2303 1177 2368 fa-

249 2417 309 2481 cile
325 2416 432 2479 sinunt
456 2414 675 2496 patrimonium
695 2437 786 2482 suum
807 2418 983 2500 negligere,
1011 2435 1044 2483 ut
1067 2421 1176 2484 emtio-

248 2534 341 2597 nibus
360 2552 395 2597 ac
414 2530 599 2596 foenoribus
622 2550 728 2596 eorum
754 2533 950 2612 acquirentes
971 2535 1073 2613 bona,
1096 2557 1175 2618 opu·

248 2652 395 2715 lentiores
424 2653 513 2713 etiarn
543 2664 639 2731 atquc
665 2649 881 2714 honoratiores
905 2650 990 2717 fiant.
1036 2654 1088 2718 Sic
1108 2658 1176 2720 red-

250 2770 328 2833 dunt
356 2768 426 2831 illos
453 2769 584 2843 molles,
613 2764 784 2841 delicatos,
815 2769 982 2847 socordes,
1008 2771 1178 2851 voluptati-

251 2886 312 2948 bus
340 2902 375 2947 ac
406 2881 567 2947 doloribus
598 2883 850 2946 succumbentes.
906 2884 956 2948 Fit
985 2900 1109 2963 autern,
1141 2903 1176 2951 ut

250 3020 419 3083 pauperes.
456 3002 492 3063 ad
528 3001 605 3063 hauc
635 2998 747 3082 abjecti
778 2999 1010 3079 conditionem,
1043 3002 1176 3068 divitum

253 3116 375 3180 illorum
401 3117 510 3201 ltuttuu
541 3133 605 3179 non
634 3114 864 3196 ferentes,ch
895 3117 955 3201 ipsi
980 3120 1028 3183 vel
1054 3119 1177 3185 aliunde

251 3233 366 3297 auxilia
381 3232 461 3296 nacti
484 3232 651 3297 seditiones
673 3249 828 3299 moveant.
874 3235 910 3300 ln
939 3236 1055 3316 quibus
1084 3238 1111 3300 si
1132 3239 1178 3301 vi·

252 3348 374 3428 cerint,
397 3348 501 3413 statim
521 3350 705 3414 democratia
727 3351 861 3416 exsistit.
907 3353 967 3418 Est
994 3369 1095 3418 autem
1127 3347 1178 3418 illa

253 3465 444 3549 lrujtrsmodi.
488 3465 596 3530 Liberi
618 3481 707 3532 crunt
729 3485 862 3548 omnes,
885 3469 1098 3549 libertatisque
1119 3470 1178 3535 erit

252 3601 285 3647 cc
306 3586 466 3666 rediretur
489 3584 579 3664 plena
605 3582 734 3649 civitas:
767 3584 872 3648 licebit
901 3588 977 3650 adeo
1008 3587 1178 3670 uuicuique

251 3701 282 3764 id
304 3700 477 3779 quodvult
499 3716 653 3780 peragere.
709 3700 864 3784 Quocirca
889 3702 1072 3783 pulcerrima
1094 3706 1178 3770 vide·
1280 3738 1285 3750 ·

252 3816 337 3880 bitur
358 3817 433 3880 htec
456 3816 646 3897 reipublicae
666 3819 833 3896 conditio,
864 3819 982 3901 quippe
1008 3841 1086 3902 quae
1108 3843 1177 3904 per·
1218 3855 1222 3862 ·

250 3951 344 4012 eruam
365 3934 446 3997 varia
468 3933 605 3997 continet
628 3934 789 3998 homiuum
813 3955 933 4020 genera.
967 3939 1178 4006 Porrodivina

251 4047 314 4127 illic
337 4050 394 4116 etit
415 4050 527 4117 civium
552 4049 638 4133 vita,
660 4069 731 4118 cnm
753 4069 854 4137 neque
874 4056 996 4136 cogaris
1016 4058 1202 4142 magistra.

1137 4191 1177 4240 ῃ.
