2896 5168
618 445 811 525 ..153-

257 632 381 695 bentur.
423 626 504 692 Illud
524 640 625 692 antem
647 625 786 707 nondum
808 624 1070 706 commemoravi,
1096 629 1185 707 quod

255 745 288 812 in
307 746 357 811 his
378 742 577 826 praecipuum
595 757 666 824 est,
685 759 860 824 expressam
883 741 925 806 ita
945 760 962 805 a
982 742 1111 808 Platone
1134 760 1183 810 es·

253 882 311 944 se,
339 877 424 928 certe
444 861 522 926 ellici
540 861 631 942 plane
653 861 774 941 exejus
795 858 957 923 civitatum
976 859 1185 943 descriptione

254 999 371 1062 posse,
413 976 603 1044 verissimam
651 995 721 1041 cum
760 973 896 1041 civitatis
943 990 1008 1041 tum
1049 976 1185 1043 hominis

251 1096 442 1164 libertatem.
487 1095 586 1180 Quod
609 1108 644 1158 ut
671 1091 876 1175 percipiamus
897 1091 1024 1173 animo,
1047 1095 1186 1176 tyranni-

254 1215 322 1280 dem
351 1213 497 1294 deinceps
530 1209 696 1292 virumque
718 1209 746 1274 ei
775 1209 928 1289 similem,
959 1225 995 1275 ut
1025 1227 1126 1278 exstat
1152 1210 1186 1279 in

255 1306 394 1408 Politia,
422 1327 624 1408 contemplari
641 1324 774 1410 juvabit.
816 1325 952 1392 Primum
978 1344 1053 1392 vero
1074 1328 1112 1393 de
1131 1331 1185 1396 de-
1279 1323 1283 1333 ’

255 1447 420 1536 mocratiae
445 1446 477 1509 in
505 1446 584 1509 hanc
614 1442 775 1526 pessimam
795 1441 950 1508 civitatem
977 1444 1184 1511 conversione

184 1605 185 1609 =
252 1582 389 1648 agamus.

373 1799 681 1864 Democratiaa
713 1799 757 1859 in
789 1796 1062 1881 tyrannidem

543 1906 834 1978 ''convertim

295 2149 393 2214 Recte
415 2150 476 2211 lroc
496 2146 574 2212 vidit
597 2146 829 2230 philosophus,
855 2147 931 2211 illud
949 2149 1073 2229 ipsum,
1095 2147 1182 2228 quod

251 2265 285 2331 in
312 2265 492 2331 civitatibus
522 2265 656 2330 maximo
687 2265 818 2328 habetur
847 2266 944 2343 loco,
973 2263 1027 2328 ubi
1053 2263 1181 2330 nimium

196 2368 198 2372 Α
252 2397 323 2463 est,
342 2383 380 2447 ad
400 2384 467 2467 ejus
484 2383 605 2464 lapsum
626 2396 657 2446 ct
672 2381 837 2464 perniciem
857 2384 1041 2449 evalescere.
1067 2384 1183 2450 Nonne
1220 2452 1223 2459 ,

254 2501 362 2565 eodem
385 2498 450 2565 fere
471 2500 588 2577 modo,
607 2501 652 2563 sic
682 2499 782 2583 pergit
807 2500 890 2582 apud
917 2519 986 2565 eum
1015 2501 1180 2579 Socrates,

181 2694 187 2707 ι
253 2637 291 2684 ex
308 2620 493 2684 democratia
510 2617 676 2700 tyrannis,
700 2636 766 2699 quo
786 2638 823 2682 ex
841 2616 1009 2700 oligarchia
1024 2618 1181 2682 democra-

251 2736 312 2817 tia,
327 2736 474 2803 exsistit?
496 2736 563 2801 Illic
586 2755 697 2819 nempe
714 2735 807 2801 nimia
828 2735 1005 2800 divitiarum
1024 2733 1179 2816 cupiditas

252 2855 468 2920 democratiam
499 2854 685 2938 progenuita
708 2853 849 2918 similiter
872 2852 922 2917 hic
947 2852 1062 2918 nimius
1089 2852 1182 2918 liber·

250 2973 323 3038 tatis
344 2975 435 3037 ardor
455 2968 628 3055 tyrannidis
650 2990 759 3037 caussa
779 2985 841 3037 est.
886 2970 938 3035 Fit
960 2985 1062 3037 autem
1082 2973 1180 3054 illud,

252 3108 324 3154 eum
351 3087 555 3172 inexplebiles
585 3089 694 3171 populi
719 3087 823 3152 fauces
849 3104 1034 3155 exaruerunt
1059 3090 1181 3159 liberta·

252 3207 292 3271 tis
314 3205 391 3284 siti,
421 3206 571 3286 malisque
597 3225 672 3270 usus
701 3205 753 3270 ille
778 3204 949 3285 ministris,
975 3223 1039 3272 non
1061 3209 1182 3275 modice

253 3338 472 3404 temperatam,
493 3323 548 3387 sed
569 3321 660 3386 nimis
690 3340 837 3386 meracam
869 3321 1040 3388 libertatem
1070 3325 1180 3392 sitiens

251 3439 409 3519 hauserit3
433 3457 499 3505 rum
522 3441 718 3520 magistratus
738 3454 769 3502 et
790 3438 972 3521 principes,
1006 3442 1068 3508 nisi
1093 3446 1180 3511 valde

251 3556 335 3619 lenes
357 3572 388 3619 et
405 3554 524 3620 remissi
545 3555 633 3634 sint,
662 3569 692 3619 et
720 3554 804 3636 large
831 3556 892 3620 sibi
924 3547 1096 3624 libertatem
1124 3559 1182 3622 mi·

253 3671 408 3752 nistrent,
441 3672 639 3752 insequitur,
679 3670 860 3753 insimulat,
892 3675 1016 3756 arguit:
1049 3690 1179 3756 praepo-

252 3801 375 3867 tentes,
401 3807 512 3871 reges,
535 3802 683 3869 tyrannos
704 3803 808 3854 vocat.
842 3790 910 3856 Eos
927 3804 1051 3868 autem,
1073 3787 1178 3868 quiin

252 3903 430 3984 magistratu
463 3902 654 3984 privatorum
685 3902 799 3968 similes
829 3925 898 3971 esse
923 3903 1042 3982 velint,
1071 3902 1179 3970 ferunt

252 4018 395 4083 laudibus
417 4034 447 4082 et
470 4033 602 4083 inserant
626 4019 825 4101 bonoribus,
854 4038 889 4086 ut
911 4036 1035 4085 necesse
1059 4021 1124 4102 sit,
1146 4022 1179 4086 in

1098 4139 1183 4223 ejus·
