2896 5168
560 459 733 522 ψ..

172 623 286 691 oratio
295 622 444 705 referret3
463 614 524 686 hoc
537 637 633 700 vero,
652 620 913 700 quemadmodum
930 638 1011 685 nunc
1027 625 1111 693 vide·

182 761 274 823 mus,
287 742 400 820 ita,ut
409 737 557 822 imagines
567 736 682 814 pariter
695 753 773 816 ,nec
792 735 896 801 minus
913 735 1064 804 sublimes
1074 739 1111 821 il·

179 859 246 938 las,
257 877 274 923 a
286 856 377 940 poesi
390 856 515 920 duceret
529 870 816 931 ,verumsummam
831 852 1045 939 disquisitioni
1057 856 1111 921 ad·

180 973 300 1039 biberet
319 968 491 1036 disserendi
509 967 709 1051 diligentiam.
733 964 802 1033 Nec
821 966 965 1051 profecto
985 969 1110 1035 mirum.
1140 1022 1145 1037 .

178 1088 306 1156 Etenim
324 1086 364 1153 ad
375 1087 523 1175 pulcrum
545 1085 779 1168 percipiendum
803 1085 928 1165 animo,
953 1084 1110 1151 hominem
1149 1102 1153 1109 ·

177 1205 324 1271 censebat
352 1224 370 1269 a
401 1205 507 1268 teneri
533 1201 606 1267 inde
634 1216 734 1267 aetate
762 1219 819 1284 per
840 1214 923 1265 artes
943 1199 1111 1285 elegantio-

124 1305 127 1311 ’
179 1339 247 1401 res,
277 1339 334 1404 per
359 1319 507 1384 musicam
535 1316 666 1383 manime
697 1325 729 1383 'et
745 1319 860 1401 poesin
882 1314 1110 1383 informandum

176 1452 264 1513 ease,
304 1436 429 1519 Spirare
464 1435 561 1518 igitur
587 1434 688 1501 oratio
720 1434 819 1517 ipsam
847 1438 984 1516 poeseos
1011 1433 1112 1499 subli-

176 1549 313 1616 mitatem
332 1549 477 1617 debebat.
505 1550 573 1637 ‚Ad
598 1549 673 1614 boni
693 1568 768 1615 vero
788 1550 885 1616 idmm
908 1549 998 1616 aliam
1017 1549 1111 1615 nobis

177 1668 364 1733 monstravit
390 1666 492 1747 viam,
521 1683 665 1748 quaeque
684 1665 854 1750 juvenibus
881 1665 1017 1732 ineunda
1043 1679 1110 1730 tum

176 1796 283 1865 esset,
302 1796 471 1866 postquam
499 1781 619 1848 artibus
651 1796 757 1849 essent
791 1783 908 1849 exculti
934 1781 1035 1849 satis:
1058 1781 1110 1847 illa
1216 1802 1220 1813 ·

176 1912 271 1979 erat,
309 1918 390 1981 quae
426 1899 672 1966 accuratioribus
707 1898 875 1965 tractandis
909 1895 1109 1983 disciplinis,

178 2011 372 2094 maximeque
412 2015 587 2082 dialecticae
629 2000 735 2083 studio
781 2014 1000 2082 conficeretur.
1057 2014 1110 2081 Ad

178 2129 257 2193 hanc
276 2144 378 2194 autem
399 2131 632 2199 describendam
653 2133 788 2215 ipsarum
814 2132 1030 2216 requirebatur
1046 2132 1111 2197 dis·

149 2243 360 2327 ¹ciplinarum
384 2245 555 2328 diligentia.
605 2246 667 2311 Sed
698 2249 839 2327 quamvis
872 2248 1014 2313 diversae
1045 2247 1109 2312 sint

176 2361 261 2443 apud
276 2361 435 2426 Platonem
457 2362 495 2426 de
517 2364 651 2443 utrique
672 2361 741 2427 idea
765 2361 1031 2444 disceptationes,
1053 2380 1109 2442 par

175 2481 239 2545 est'
258 2478 291 2543 in
318 2479 484 2561 utrisque,
518 2492 553 2542 ut
585 2477 787 2558 monuimus,
816 2475 1004 2542 sublimitas.
1055 2475 1109 2540 Ad

174 2594 252 2661 illud
271 2594 353 2661 enim
374 2592 552 2661 referuntur
573 2597 709 2678 pariter,
734 2596 821 2677 quod
841 2594 874 2660 in
901 2594 987 2659 omni
1005 2595 1109 2677 pbilo-

175 2713 289 2796 sophii
318 2733 474 2779 summum
505 2713 700 2795 maximeque
726 2711 860 2778 sublime
879 2724 952 2791 est,
975 2725 1010 2776 ut
1029 2709 1111 2777 veri·

174 2844 267 2899 tatem
291 2849 504 2921 assequamur.
548 2829 607 2896 Per
636 2845 718 2895 artes
742 2829 825 2911 apud
854 2845 925 2894 eum
956 2827 1052 2892 bomo
1069 2825 1108 2893 ad

175 2946 276 3030 pulcri
307 2948 468 3012 scientiam
499 2946 660 3025 educitur,
697 2945 752 3010 sed
779 2962 818 3009 eo
844 2944 905 3008 hoc
935 2943 1037 3023 valet,
1071 2957 1107 3009 ut
1188 2968 1191 2973 ’
1226 3003 1233 3018 ,
1289 2940 1317 2989 '=

175 3061 276 3145 pulcri
309 3079 414 3127 amore
453 3073 564 3143 captus
597 3062 830 3139 incensusque,
860 3056 970 3125 eodem
998 3062 1108 3127 ardore

175 3192 309 3245 caeteras
337 3175 444 3258 idms,
474 3190 506 3243 et
537 3194 597 3241 una
632 3194 703 3240 etun
737 3175 797 3254 iis,
827 3175 916 3255 quod
941 3173 1107 3239 continent

175 3313 303 3378 omnes,
324 3307 646 3376 neromassequatura
669 3267 845 3374 disciplinis
859 3303 962 3355 autem
982 3290 1044 3355 hoc
1056 3288 1107 3372 ip·,

176 3430 246 3475 sum
258 3430 372 3476 munus
389 3410 500 3476 tribuit
511 3411 619 3490 Plato,
642 3423 679 3473 ut
698 3409 885 3487 adrerum,
909 3405 997 3486 imo,
1020 3405 1108 3489 quod

176 3522 341 3589 maximum
364 3543 432 3590 ease
461 3530 589 3610 μάθημα
619 3526 652 3591 in
673 3525 739 3591 veri
759 3524 924 3608 disciplina
946 3523 1044 3604 dixit,
1067 3524 1107 3610 ad

174 3641 284 3705 bonam
303 3657 364 3704 nos
385 3638 545 3706 ducerent.
582 3643 702 3709 Verum
725 3641 899 3707 sublimitas
919 3639 1108 3724 disputatio·
1182 3714 1185 3721 ,

68 3836 72 3841 ,
174 3736 224 3822 nis
243 3755 419 3823 Platonicae
435 3756 475 3822 de
492 3756 553 3822 hoc
573 3773 757 3842 argumento
783 3758 821 3822 ab
846 3756 1013 3840 imaginum
1040 3776 1107 3823 non

174 3887 294 3972 tanmm
318 3873 507 3956 splendore,
542 3874 598 3940 sed
625 3878 727 3942 multo
755 3875 846 3941 etiam
877 3873 976 3960 magis
999 3875 1037 3941 ab
1059 3874 1112 3959 ip·¹

142 4006 145 4011 ’
175 3968 243 4099 sius
265 3988 426 4087 diligentia
446 3991 611 4074 repetenda
639 4008 700 4059 est.
745 3990 923 4079 Explicatio
939 3992 1027 4081 ,hacc
1053 4009 1108 4069 eof

1038 4122 1105 4166 rtltll
