2896 5168
770 448 940 526 *⁶4*

369 625 456 708 ¹pius
488 620 526 694 ad
558 640 622 692 eam
649 621 804 708 processit
827 625 1005 692 lonicorum
1027 626 1193 712 princeps,
1215 630 1316 698 idem*

384 758 447 826 que
468 741 605 808 Socratis
634 741 662 803 si
690 758 754 805 non
774 756 977 826 praeceptor,
998 744 1063 810 dux
1090 759 1175 810 certe
1197 747 1235 811 ad
1256 766 1310 811 su·

382 859 547 936 blimiora,
588 857 813 942 Anaxagoras,
855 859 911 942 qui
941 879 1037 946 supra
1067 876 1208 928 naturam
1237 877 1311 927 sese

378 991 493 1056 resque
522 972 746 1055 adspectabiles
783 976 929 1062 erigens,
974 987 1062 1051 ννῡν
1096 977 1307 1061 frequentaret

375 1086 574 1155 sermonibus
604 1090 805 1177 scriptisque·
825 1094 918 1175 suis,
958 1094 1138 1178 diceretque
1168 1096 1305 1180 primum·

374 1207 478 1275 πάντα
499 1209 570 1291 ὁμοῦ
599 1206 699 1275 fuisse
709 1231 730 1289 ,·
744 1224 812 1274 turn
842 1226 917 1274 vero
944 1216 1008 1278 νοῦν
1034 1210 1189 1292 prodiisse
1210 1229 1306 1293 atque

373 1322 533 1390 ordinasse
556 1325 672 1389 omnia.
726 1327 834 1396 Πιίιτιι
862 1327 1010 1408 χρήματα
1035 1318 1068 1401 ἦν
1099 1328 1197 1406 ipso,
1233 1328 1303 1396 εἶναι

372 1417 435 1514 νοῦς
457 1440 566 1516 trano,
601 1444 684 1509 aurai
703 1439 878 1522 διεκόσμησε
898 1439 955 1504 (¹).
1020 1438 1239 1503 Verumtamen
1266 1440 1300 1503 in

368 1548 491 1638 placitis
514 1532 743 1634 illis'cunctis,
766 1552 798 1620 in
819 1553 920 1637 ipsius
944 1554 1147 1638 Anaxagorae
1169 1550 1298 1619 sublimi

359 1671 427 1764 'hoc
449 1671 566 1753 effato,
588 1667 675 1736 initia
704 1669 800 1737 video
824 1667 1079 1754 metaphysicae,
1100 1671 1201 1752 ipsam
1223 1672 1297 1736 doc·
1396 1665 1405 1678 '

365 1769 498 1871 trinam,
530 1806 610 1872 quae
643 1787 753 1855 deinde
787 1791 849 1854 hoc
879 1788 1005 1853 nomine
1036 1788 1188 1854 celebrata
1222 1801 1294 1868 est,

364 1905 503 1970 nondum
524 1904 630 1971 video.
657 1900 792 1999 'Multis
818 1902 941 1969 demum
964 1904 1053 1969 annis
1073 1920 1171 1989 post,
1195 1924 1296 1987 quum

365 2016 508 2089 Socrates
538 2034 569 2082 et
598 2020 687 2085 Plato
722 2037 836 2084 novam
866 2019 1109 2102 philosophandi
1143 2021 1294 2087 rationem

361 2134 581 2216 induxissent,
612 2134 777 2217 profectus
807 2154 825 2202 e
856 2136 995 2204 Platonis
1028 2137 1138 2204 scholi
1167 2138 1293 2203 Aristo·

361 2233 462 2347 teies,
484 2250 688 2337 ejusdemque
714 2269 786 2315 cum
814 2250 937 2333 placitis
965 2251 1107 2318 imbutus
1129 2252 1168 2317 dc
1195 2251 1291 2318 rebus

359 2364 497 2451 νννννῖς,
520 2383 586 2434 tum
616 2368 775 2435 dialectica
797 2368 1009 2447 exercitatus,
1032 2388 1211 2434 caussarum
1241 2370 1291 2432 in·

357 2486 595 2568 vestigationem
625 2485 663 2547 ad
694 2483 877 2564 disciplinae
902 2500 1039 2547 normam
1065 2484 1167 2567 adegit
1193 2502 1289 2563 atque

355 2601 394 2663 ad
419 2612 555 2662 mentem
583 2595 688 2660 retulit
715 2595 866 2660 hominis.
935 2596 987 2662 Sic
1011 2597 1134 2662 demum
1166 2600 1298 2681 prodiit·

355 2712 440 2799 apud
464 2711 604 2778 Graecos
621 2712 749 2794 proprie
774 2709 820 2776 sic
839 2710 920 2775 dicta
947 2714 1167 2799 metaphysica.
1198 2711 1282 2780 Nam

353 2827 474 2917 priores
497 2828 566 2909 illi,
590 2827 675 2910 quod
697 2827 767 2911 ipse
791 2827 834 2927 ait
861 2827 1043 2911 disciplinae
1063 2845 1195 2911 auctor,
1217 2831 1282 2897 dia·

352 2946 491 3017 lecticam
523 2947 669 3013 tenebant
699 2946 852 3013 nondum.
898 2952 938 3017 ot
966 2951 1027 3032 γὰρ
1057 2952 1186 3033 mum
1216 2940 1281 3020 δα.

352 3076 491 3146 λεκτικῆς
512 3069 544 3137 οὗ
565 3076 708 3151 μετεῖχον
718 3063 772 3134 (2).
816 3063 958 3144 Scilicet,
977 3079 1017 3129 ut
1040 3063 1118 3129 idem
1137 3065 1278 3150 judicat,-

350 3181 542 3252 balbutiebat
561 3183 661 3248 adhuc
683 3179 907 3264 philosophia:
924 3182 1123 3264 ψελλιζομένῃ
1143 3187 1208 3266 γὰν
1223 3185 1278 3250 ἔνι·

348 3330 399 3372 xer
422 3307 440 3378 ti
467 3302 565 3383 πρώτη
598 3299 767 3382 Φιλοσοφία
798 3301 865 3380 περὶ
895 3297 1037 3370 πάντων,
1070 3293 1127 3364 ἅτε
1156 3300 1208 3366 vie
1239 3298 1283 3367 ‘re'

349 3406 403 3484 ui*
420 3418 491 3484 κατ’
511 3404 613 3498 timii
634 3411 706 3484 οὖσα
718 3412 777 3480 (n).
819 3412 919 3477 Erant
942 3410 1091 3492 quidem,
1112 3411 1172 3493 ait,
1195 3431 1273 3496 qul,

346 3547 384 3629 ut
404 3520 603 3615 Anaxagoras
634 3531 787 3612 maxime,
809 3525 919 3594 eximia
947 3529 1115 3612 proderent
1140 3516 1281 3616 placita,

1217 3645 1276 3710 sed

253 3844 256 3853 ·
325 3821 419 3890 ι,(ι)
439 3820 622 3890 nappaeae
635 3820 712 3901 rus.
751 3815 831 3882 nuto
839 3784 1074 3885 messappo.
1110 3812 1154 3867 cr.
1170 3805 1269 3862 vnce.

344 3919 434 3974 nium.
463 3935 492 3991 p·
511 3919 555 3972 4ο.
635 3917 677 3986 (a)
701 3915 787 3968 Arist·
803 3911 924 3982 Melaph.
946 3911 972 3963 1.
998 3927 1028 3978 p.
1046 3907 1088 3962 16.
1114 3908 1166 3963 Ed.
1188 3905 1267 3976 syu-

346 4019 387 4091 (5)
410 4015 455 4105 ¹ld.
465 4013 526 4069 eud·
542 4014 562 4066 l.
580 4030 610 4082 p.
621 4014 663 4067 26·
