2896 5168
656 517 852 585 ³¹57·-

246 720 249 727 ·
289 680 512 758 densendo
533 680 659 748 sibimet
677 680 745 764 ipsa
764 680 893 746 civitas:
918 679 1122 762 desiderabit,
1144 700 1223 762 quae

256 797 381 867 ··aiiis·
394 798 426 864 in
448 797 526 863 locis
548 811 693 865 exstant:
723 816 792 864 esse
810 798 907 882 igitur
927 812 1109 863 mercatores
1132 794 1225 865 alios·

291 933 361 996 que
393 913 560 985 ,ministros
591 914 778 996 oportebit,
817 915 871 996 qui
905 914 1050 980 invehant
1068 974 1072 981 ,
1088 912 1225 996 itemque

295 1031 428 1099 evehant
446 1029 586 1112 singulae
610 1031 722 1110 quodsi
741 1031 892 1110 maritima
911 1033 1041 1113 insuper
1056 1043 1226 1096 mercatura

295 1146 486 1228 requiritur,
516 1166 584 1213 esse
612 1149 740 1230 insuper
764 1148 911 1228 decebit,
944 1146 1004 1236 qui.
1027 1147 1135 1213 barum
1159 1144 1225 1211 aiat

287 1282 397 1331 ‚return
428 1263 527 1346 gnari.
581 1264 744 1331 Caeterum
777 1280 808 1330 et
840 1263 945 1331 forum
982 1263 1064 1330 adsit
1095 1279 1223 1328 necesse

278 1378 395 1451 estin
413 1378 509 1445 media
527 1378 629 1458 urbe,
658 1392 690 1443 et
710 1379 872 1469 hominum
895 1397 1017 1462 genus,
1046 1377 1158 1460 quod,
1186 1375 1225 1443 ad

280 1494 355 1570 :aba
375 1495 500 1578 negotia
530 1494 660 1576 inutile,
690 1496 819 1561 emendo
842 1496 1068 1586 vendendoque
1091 1475 1226 1578 occupa·

292 1609 466 1692 bitur,.et
492 1628 568 1678 vero
590 1613 844 1679 mercenariorum
867 1612 1056 1691 multitudo,
1085 1629 1163 1707 quae
1181 1610 1226 1675 ci·

277 1712 405 1798 evitatis
426 1730 484 1791 erit
505 1728 781 1810 complementum.
805 1714 863 1817 Μ’
1159 1708 1163 1715 ’

280 1890 283 1895 -
336 1842 397 1911 Hic
417 1843 581 1918 Socrates,
602 1842 729 1910 condita
748 1842 810 1924 jam
833 1839 1062 1923 quodqmmodo
1077 1839 1222 1919 civitate,

293 1974 332 2024 ex
354 1955 524 2034 Adimanto
546 1960 684 2038 quaerit:
708 1960 789 2022 itane
807 1976 902 2038 vero,
925 1957 1111 2038 Adimaute,
1133 1971 1222 2022 aucta

288 2074 352 2159 jam
384 2073 479 2140 noeis
510 2073 622 2139 civitas
655 2089 723 2157 est,
764 2091 800 2140 ut
832 2072 968 2158 perfecta
997 2073 1059 2140 aret
1088 2053 1218 2157 possita

291 2191 389 2275 Quod
406 2210 477 2258 cum
498 2210 562 2258 non
584 2208 707 2275 negaret
728 2193 800 2272 ille,
832 2192 975 2256 Socrates
997 2191 1123 2273 denuo,
1149 2189 1220 2275 ubi·

291 2325 362 2376 nam
378 2311 464 2394 jam,
494 2308 618 2391 inquit,
649 2311 681 2374 in
709 2328 743 2374 ea
774 2329 843 2374 esse
864 2308 987 2393 justitia
1015 2323 1045 2373 et
1068 2307 1220 2394 injustitia

291 2424 415 2493 videtur
442 2438 473 2489 et
501 2443 632 2506 quanam
662 2444 733 2491 eum
760 2445 793 2491 re
820 2426 913 2491 simul
932 2422 965 2490 in
984 2425 1219 2510 eaminductai

278 2541 327 2610 -ld
354 2561 432 2610 vero
458 2542 644 2609 Adimantus
671 2543 810 2608 nondum
833 2532 897 2608 sibi
916 2561 1061 2626 apparere
1078 2540 1215 2608 fatetur:

277 2659 354 2727 ‚nisi
388 2658 493 2738 forte,
523 2659 648 2743 inquit,
680 2665 711 2731 ἐν
738 2666 835 2731 αὐτῶν
861 2663 972 2731 τούτων
991 2663 1083 2746 χρείᾳ
1102 2684 1160 2729 rear
1178 2669 1217 2743 τῇ

289 2781 361 2863 πρὸς
387 2780 557 2856 ἀλλήλους,
589 2779 625 2841 in
655 2793 762 2842 mutuo
793 2796 922 2853 aarum,
953 2794 1034 2859 quae
1054 2773 1216 2854 diximus,

290 2912 348 2957 usu
368 2907 477 2957 exstet.
521 2891 617 2975 Quod
634 2911 705 2954 cum
730 2906 815 2954 esset
843 2889 1046 2971 suspicatus,
1070 2871 1218 2972 amiato

272 3003 544 3076 ,considerandum
579 3007 639 3070 hoc
667 3007 710 3071 ait
738 3004 900 3088 diligenter
929 3024 1019 3085 esse,
1060 2980 1125 3073 oec'
1148 3019 1216 3071 stu·

271 3119 343 3190 :de
376 3120 607 3185 remittendum.
658 3121 789 3205 Quaerit
808 3120 905 3206 igitur
930 3122 969 3187 de
991 3120 1072 3187 vitae
1089 3138 1212 3206 genere.

282 3236 407 3310 vNonne
423 3235 535 3315 cibos,
556 3235 623 3317 ait,
653 3237 781 3322 vinum,
803 3253 929 3320 vestes,
950 3239 1094 3323 calceos,
1122 3212 1213 3305 aedes

212 3344 215 3351 '
269 3366 451 3440 apmntes,
480 3367 594 3418 aestate
621 3351 686 3418 fere
716 3354 814 3435 nudi,
846 3353 945 3420 bieme
970 3336 1045 3422 vero
1070 3352 1212 3433 vestibus

286 3467 409 3547 induti,
443 3468 529 3551 operi
559 3469 761 3536 incumbenti
805 3471 994 3538 Nutrientur
1016 3487 1143 3553 autem,
1172 3491 1212 3539 ex

286 3586 405 3653 hordeo
438 3600 469 3650 et
497 3583 654 3652 frumento
683 3584 838 3669 farinam,
878 3589 1019 3672 indeque⁴
1042 3591 1212 3674 praeclaras

267 3703 440 3786 placentas
455 3701 676 3785 conficientes,
709 3704 834 3787 ipsique
855 3702 887 3770 in
908 3705 997 3771 lectis
1021 3725 1060 3773 ex
1083 3687 1210 3791 herbis,

217 3848 224 3876 ›
263 3818 410 3889 ,smilace
445 3831 539 3900 atque
576 3835 680 3902 myrto
709 3819 824 3903 factis,
861 3819 1113 3906 discumbentes,
1149 3843 1211 3891 una

1137 3962 1208 4010 cum

317 4076 359 4149 a)
376 4080 421 4135 m
437 4081 509 4151 nep.
527 4081 569 4136 11.
585 4082 644 4154 esa
663 4081 695 4138 a.
711 4111 740 4127 -
759 4083 871 4161 syon.
