2896 5168
632 490 825 565 -156..

268 662 418 728 laboranti
440 665 542 728 animo
565 664 788 746 submittatur,
813 672 989 746 κλαπέντες
1006 675 1031 739 ai
1047 661 1191 756 stetisse

268 784 352 862 aisn
382 786 440 858 siet
470 789 524 850 roi
554 786 712 862 βασιλικοῦ
743 788 862 868 τείχους
894 790 925 854 ἐν
952 790 1033 869 adsis
1064 788 1189 863 adsue,

264 900 412 985 superbae
441 899 674 982 petulantesque
709 903 870 978 rationes,
905 903 1018 965 eleusis
1048 903 1129 985 regii
1154 904 1189 964 itt

265 1039 298 1082 eo
318 1024 404 1083 nturi
423 1019 541 1102 portis,
573 1033 675 1094 neque
702 1015 876 1078 subsidium
899 1014 1066 1081 atltnittunt
1087 1033 1189 1097 neque

263 1134 408 1215 legatos,
428 1130 618 1214 privatorum
642 1148 749 1194 senum
773 1130 911 1211 monita,
933 1131 1116 1216 excipiunt,
1135 1133 1190 1197 sed

261 1251 346 1331 ipsae
372 1247 492 1329 proelio
518 1263 684 1327 superant:
709 1262 739 1311 et
760 1249 910 1329 pedorem
934 1249 1059 1331 quidem
1082 1253 1190 1335 appel·

260 1369 358 1433 lantes
387 1365 607 1441 stoliditatem,
641 1366 672 1428 in
706 1366 847 1428 exsilium
882 1365 1037 1446 mittunt,
1071 1383 1187 1450 tempe·

259 1483 387 1548 tantiam
410 1500 484 1547 vcro
505 1485 666 1566 ignatium
690 1482 879 1565 appellantes
910 1483 1186 1567 conviciantesqoe

260 1599 405 1685 ejiciunt,
429 1597 608 1665 modestiam
632 1616 763 1679 quoque
785 1597 816 1663 in
838 1598 979 1664 moribus
1002 1615 1032 1664 et
1049 1598 1082 1665 in
1099 1619 1184 1665 som·

259 1717 346 1783 tibus
368 1714 634 1795 moderationem,
662 1729 816 1797 tamquam
838 1718 1045 1781 rusticitatem
1068 1729 1099 1779 et
1119 1715 1186 1782 iiti-

260 1834 477 1910 bereiitatetn,
511 1831 636 1913 penitus
665 1833 856 1897 detestamur
876 1851 911 1897 ae
933 1830 1065 1914 fugant:
1098 1832 1186 1914 ipsae

260 1968 334 2013 vero
363 1967 433 2012 cum
462 1949 555 2012 nullis
584 1964 649 2011 non
679 1945 823 2013 futilibus
853 1948 1077 2029 cupiditatibus
1098 1949 1186 2013 inva-

261 2067 395 2129 lescunt.
441 2065 515 2129 Post
535 2063 620 2127 -ltaec
655 2066 878 2144 petulantiam,
912 2065 1092 2146 licentiam,
1114 2084 1188 2149 pro·

259 2181 466 2263 dualitatem,
497 2179 716 2261 impudentiam
741 2181 856 2265 ingemi
878 2187 1001 2249 catervi
1022 2197 1186 2248 coronatas

258 2302 437 2375 deducunt,
461 2298 644 2361 extollentes
667 2299 733 2361 illas
755 2299 1060 2381 applaudentesquet
1095 2313 1184 2381 peto·

257 2415 379 2481 lantiam
393 2417 557 2498 ingenitam
569 2413 776 2480 edocationem
791 2463 801 2494 ,
819 2415 971 2480 licentiam
988 2417 1183 2494 libertatem,

258 2532 503 2616 prodigalitatem
535 2529 817 2616 ntegutfieeutiam,
848 2533 1067 2614 impudentiam
1081 2532 1183 2614 sorti-

256 2649 393 2717 tudt'nem
423 2663 583 2713 vocantes.
641 2648 692 2713 Sic
715 2651 824 2714 transit
843 2651 967 2733 juvenis
989 2650 1027 2715 ad
1047 2650 1183 2716 dissolu·

256 2783 315 2831 tam
340 2784 469 2849 prorsus
497 2765 676 2843 licentiam,
708 2782 739 2830 et
765 2766 859 2830 vitam
881 2766 943 2848 agit
963 2765 1037 2831 huic
1060 2784 1181 2831 morum

257 2881 420 2949 ntutationi
440 2897 687 2947 consentaneam.
713 2879 753 2950 (¹)
1264 2968 1267 2973 Ι

294 3000 391 3085 Quod
411 2998 568 3077 diximus,
589 2997 721 3062 ethicam
745 2998 872 3080 proprie
889 2997 1039 3061 contineri
1061 2996 1181 3063 Potitia
1211 3006 1215 3011 ’

252 3114 415 3193 Platonis,
439 3114 528 3176 talem
551 3130 651 3178 atatem
675 3112 756 3176 illam
779 3133 868 3192 esse,
886 3115 986 3194 qualis
1003 3115 1087 3194 apud
1102 3113 1180 3178 alios

253 3232 461 3315 philosophos
496 3231 577 3296 ltaod
607 3231 697 3297 facile
728 3232 884 3312 reperias,
918 3231 970 3311 id,
1003 3232 1034 3295 ni
1065 3229 1178 3311 fallor,

251 3351 388 3436 legendis
411 3351 459 3413 nis
481 3347 626 3412 omnibus
647 3347 815 3428 animoque
835 3348 1030 3428 recolendis,
1053 3349 1180 3414 serissi-

212 3484 215 3488 ’
250 3488 332 3535 snum
354 3467 448 3531 nobis
468 3463 636 3530 videbitur.
680 3463 763 3547 Quis
783 3464 863 3527 ettim
888 3482 1022 3544 unquam
1044 3463 1175 3530 similem

252 3587 283 3653 in
317 3588 440 3650 modum
475 3584 513 3647 ad
543 3581 703 3644 civitatum
736 3580 865 3662 effigiem
904 3598 1005 3645 mores
1039 3580 1175 3646 hominis

250 3702 376 3785 exegit?
421 3700 472 3764 Sic
500 3711 604 3791 autem.
631 3695 733 3761 effecit
760 3696 834 3777 ille,
860 3712 916 3776 ut,
939 3699 1025 3778 quod
1045 3696 1077 3761 in
1098 3697 1177 3762 civi·

211 3902 218 3911 .
251 3821 367 3884 tatibus
388 3817 545 3898 corruptis
566 3816 701 3879 ommam
726 3812 757 3878 in
781 3816 891 3879 oculos
913 3813 1063 3895 incurrit,
1094 3815 1173 3881 idem

1145 3949 1177 3995 tu

288 4093 328 4161 (t)
349 4095 391 4144 De
409 4093 481 4161 Rep.
502 4089 583 4142 vili.
603 4088 664 4145 558.
682 4092 714 4143 C.
733 4114 762 4128 -
780 4090 839 4145 ⁵62.
861 4092 895 4144 A·
