2896 5168
545 453 735 518 ψ,-

173 610 413 680 confunderent.
484 613 605 681 Horum
638 615 752 682 factum
781 615 1001 704 intempestivo
1026 620 1106 705 dog·-

173 743 289 794 utatum
320 729 584 797 conciliandorum
614 733 720 798 stndio
751 750 820 816 est,
853 751 888 800 ut
909 753 940 802 et
962 757 1105 805 corrums

172 862 300 927 peretur
331 866 458 928 prorsus
486 848 625 913 doctrina
652 850 789 914 Platonis
816 867 846 915 et
876 855 1017 918 salutaris
1043 856 1101 921 ho·
1178 824 1183 831 Ι

170 964 269 1044 mini,
298 978 479 1057 quae'nata
506 979 591 1044 erat,
620 942 754 1050 religio,
786 970 905 1049 quippe
932 968 1100 1037 commixta

77 1069 80 1073 ⁵
166 1098 237 1145 cum
268 1082 320 1147 illa
353 1097 384 1145 et
415 1082 515 1146 aliena
548 1078 594 1145 sic
634 1082 739 1162 specie
776 1083 946 1165 prodiens,
979 1084 1010 1149 ti
1041 1072 1100 1152 sua

165 1214 304 1278 magnam
335 1212 449 1277 partem
481 1198 712 1265 destitueretur.
777 1199 988 1285 Quamobrem
1019 1221 1099 1284 nos,

163 1309 196 1375 in
219 1311 290 1394 ipso
310 1314 371 1396 jam
395 1313 652 1395 disquisitionum
673 1330 849 1380 nostrarum
874 1317 1027 1398 exordio,
1048 1336 1100 1383 ca·

163 1431 296 1493 vendum
329 1448 398 1493 esse
428 1429 466 1492 ab
499 1430 554 1494 hac
584 1431 745 1495 hominum
773 1433 977 1513 perversitate
1005 1433 1107 1499 etiam

138 1560 256 1626 ,atque
277 1547 366 1610 etiam
391 1546 583 1612 monuimus.
604 1546 644 1617 (¹)

204 1661 413 1741 Corruptioni
452 1662 611 1726 doctrinae
648 1681 722 1727 suae
756 1664 823 1747 ipse
858 1664 980 1730 videtur
1005 1665 1094 1731 Plato

163 1796 265 1841 ansam
291 1776 483 1858 praebuisse.
528 1779 609 1843 Nam
631 1780 664 1843 in
683 1778 867 1860 Phaedone,
888 1781 942 1846 ubi
956 1779 1093 1849 divinam

159 1894 253 1959 animi
279 1911 418 1958 naturam
448 1895 609 1975 celebrat,
635 1897 680 1961 sic
703 1896 861 1977 sprevisse
882 1915 952 1962 eum
974 1912 1006 1963 et
1022 1915 1094 1962 cor·

159 2028 220 2093 pus
249 2029 278 2077 et
306 2031 354 2075 res
389 1987 496 2076 omnes
525 2031 690 2095 corporeas
721 2012 857 2091 dixeris,
890 2029 926 2077 ur
954 2013 1093 2095 potuerit

160 2129 233 2194 hinc
263 2128 352 2193 facile
384 2129 594 2209 posteriorum
629 2130 912 2211 pbilosophorum,
956 2143 990 2193 ut
1016 2129 1094 2195 Por·

158 2245 283 2329 phyrii,
307 2245 497 2330 Jamblicbi,
524 2245 694 2325 similium,
724 2249 787 2311 imo
815 2246 1036 2311 monachorum
1058 2257 1090 2310 et

155 2364 408 2429 anachoretarum
448 2363 611 2445 disciplina
647 2363 810 2427 exsistere.
878 2361 993 2449 Statuit
1025 2360 1088 2427 illic

157 2480 255 2561 ade0,
272 2480 367 2546 vitam
392 2480 576 2563 philosophi
599 2474 887 2563 θανατοῦμελετῆὑ,
909 2480 1089 2543 mortisue·

153 2597 358 2688 ditatlonem,
400 2596 491 2676 sive,
532 2587 580 2660 ad'
608 2595 799 2659 moriendum
840 2593 1088 2658 exercitationem

155 2716 307 2796 quandam
331 2732 411 2779 esse.
458 2710 529 2775 Hoc
553 2725 654 2775 autem
686 2710 800 2791 placito
827 2708 996 2790 quidesse
1023 2707 1088 2772 effi·

151 2831 255 2896 caelus
281 2832 319 2894 ad
344 2829 464 2892 tristem
495 2828 575 2890 illam
602 2826 790 2919 excitandam
824 2824 1012 2905 homineque
1038 2822 1086 2887 in·

151 2947 274 3027 dignam
307 2946 345 3010 da
378 2942 572 3009 abstinentid
602 2941 773 3007 doctrinam
805 2937 938 3023 potuit?
975 2938 1083 3018 bed,

154 3083 218 3145 quo
241 3081 303 3126 rem
326 3060 441 3126 rectius
463 3058 692 3145 dijudicemus,
722 3057 788 3138 ipsa
812 3057 886 3120 haec
915 3054 1086 3121 Phaedonir
1169 3138 1174 3147 .

151 3183 218 3246 loca
237 3195 267 3246 et
288 3183 424 3263 legamus
444 3194 475 3243 et
495 3193 577 3243 recte
601 3174 796 3257 interpretari
813 3191 976 3271 conemur.

361 3380 419 3446 De
444 3382 625 3466 germani
651 3377 870 3466 philosophi

565 3499 660 3565 nita.

190 3708 340 3774 Placitum
369 3705 522 3771 continno
545 3705 577 3770 in
601 3706 661 3770 boc
684 3703 808 3786 dialogo
828 3699 950 3785 profert
970 3701 1080 3766 Socra·

146 3837 216 3906 tes,
246 3823 334 3905 quod
361 3839 391 3887 et
418 3822 570 3904 caeteris,
600 3823 653 3904 qui
682 3822 713 3887 in
742 3840 863 3887 carcere
889 3820 1023 3900 adsunt,
1045 3831 1076 3885 et
1178 3854 1182 3862 ·

993 3937 1076 4001 Sim·

182 4023 223 4093 p)
242 4023 309 4080 Ν·
329 4023 353 4079 t.
374 4024 448 4092 pto
460 4039 522 4093 eta·

595 4121 626 4188 0
