2896 5168
614 449 810 503 -not-

250 637 322 700 cet,
342 628 476 689 cacteris
491 630 617 685 omnes
647 635 711 682 non
742 611 830 679 licet.
874 611 990 678 Venim
1014 623 1055 711 ,et
1072 611 1170 694 'hujus

248 736 429 822 philosophi
450 737 518 819 ipso
541 731 749 799 adscribamus
774 728 878 794 verba.
923 727 1111 815 Supposons,
1129 728 1174 790 sic

244 853 463 938 Eutisyphron
486 848 570 930 apud
591 862 661 909 eum
674 844 704 907 in
715 842 901 925 pulcerrimo
913 841 1036 925 dialogo
1055 840 1094 905 de
1106 840 1176 923 phi·

250 969 420 1052 insopitis,
443 976 665 1047 supparans
686 978 729 1021 nn
750 956 1033 1034 blademario,
1054 976 1111 1022 ster
1133 957 1176 1020 le·

251 1085 326 1169 quel
347 1083 376 1144 ii
397 1101 417 1161 p
445 1079 552 1143 anroit
573 1091 688 1162 quatra
706 1075 902 1157 inscriptions
919 1071 1117 1156 differentes,
1138 1092 1176 1136 en

250 1216 396 1282 grea‚en
414 1194 535 1272 arabe,
557 1213 595 1257 en
613 1193 718 1270 latin,
736 1211 774 1254 en
789 1188 942 1274 franpois.
965 1189 1122 1277 Moi‚·qtti
1139 1208 1177 1269 na

251 1314 314 1377 sais
347 1330 484 1395 anema
505 1311 641 1394 langue,
652 1309 690 1390 je
717 1327 790 1374 tons
812 1305 901 1371 dirai
926 1307 955 1369 le
967 1305 1119 1390 fuitque
1143 1327 1177 1373 ct

249 1440 421 1493 monument
452 1446 499 1490 sne
524 1426 635 1492 retii.
679 1424 769 1490 Mais
802 1432 925 1490 taoatez
953 1422 983 1488 le
1017 1421 1122 1504 Grec,·
1151 1424 1181 1491 t‘l

247 1563 320 1611 tons
337 1541 411 1608 dira
425 1562 438 1606 .·
457 1555 535 1606 cette
547 1545 634 1629 piiae
653 1560 700 1604 sne
712 1541 760 1605 dit
784 1538 853 1603 bien
871 1538 922 1606 des
946 1540 1044 1608 choses
1063 1559 1122 1604 sar
1149 1539 1178 1605 lt

247 1663 327 1744 siege
355 1657 392 1722 de
422 1657 451 1723 Τ
448 1662 523 1723 roie.
567 1655 720 1721 L’Arabe
748 1655 843 1719 dira:
872 1677 905 1719 ce
927 1656 1054 1719 manbre
1082 1653 1180 1729 danne

169 1780 175 1800 '
250 1773 287 1839 tle
309 1772 446 1858 grandes
471 1774 615 1838 lomiires
635 1793 692 1837 sar
713 1771 865 1836 l'histaire
895 1769 932 1836 de
951 1770 984 1834 la
1007 1772 1178 1836 chevalerie

251 1887 289 1953 da
315 1888 460 1953 Salads'n.
516 1893 563 1954 Le
593 1889 752 1953 Romala:
777 1887 812 1976 je
841 1907 879 1951 ne
907 1890 1004 1952 tanais
1033 1904 1092 1972 pas
1119 1906 1178 1970 qne

250 2005 366 2072 Sestias
383 2009 456 2069 tsoit
475 2001 657 2087 l'affranahi
675 1989 712 2068 de
729 2005 869 2090 Pomple.
915 2003 997 2071 Vous
1016 2024 1105 2088 noyez
1119 2025 1178 2090 qne

249 2142 297 2187 tes
310 2140 384 2204 gens
404 2141 441 2183 ne
459 2122 618 2186 saoroient
630 2121 728 2202 inger
748 2140 806 2203 qne
824 2140 881 2184 sae
899 2141 933 2184 ae
954 2127 1010 2204 qui
1028 2136 1072 2185 est
1090 2136 1176 2186 toar-

251 2245 292 2301 ne
312 2233 349 2299 de
366 2235 437 2300 leur
451 2239 520 2299 alti
530 2281 541 2311 ‚
564 2249 620 2296 sar
642 2253 675 2295 ce
692 2235 748 2316 qni
769 2248 812 2297 est
829 2234 1080 2318 comprehensible
1094 2252 1177 2320 pour

199 2379 200 2383 ¹
250 2370 336 2415 anx:
360 2363 390 2413 et
417 2349 446 2411 il
464 2367 501 2412 en
523 2361 566 2411 est
587 2344 626 2409 de
645 2347 739 2408 misna
757 2344 809 2410 des
829 2366 969 2411 assantes.
994 2348 1040 2408 (ι)

449 2528 514 2595 Aa
542 2531 749 2595 hominem
784 2533 986 2617 refertor

327 2650 476 2730 unice,
509 2658 587 2713 nitn
617 2647 672 2714 ad
700 2668 789 2729 res,
817 2649 1095 2743 philosophia
1170 2731 1173 2737 .

603 2763 821 2833 Platonis.
868 2765 871 2769 ’
996 2764 999 2769 ’
1089 2766 1092 2770 ’
1170 2760 1173 2767 ’

291 2964 368 3028 Non
391 2983 500 3046 pamm
529 2965 579 3029 his
601 2965 724 3046 placitis
745 2987 815 3033 cum
845 2970 1049 3055 philosophia
1077 2975 1179 3040 Plato·

252 3079 301 3144 nis
331 3078 543 3143 similitudinis
565 3078 772 3160 intercedere,
797 3082 928 3147 lectores
948 3085 1066 3150 vident.
1111 3089 1180 3153 No·

253 3193 327 3273 bis,
356 3212 421 3275 quo
447 3194 526 3259 hone
546 3193 718 3259 accuratius
736 3208 767 3258 et
789 3212 983 3262 secernamus
1001 3197 1124 3264 abillis
1149 3216 1181 3266 et

252 3311 349 3393 ipsam
367 3309 573 3392 definiamu35
597 3310 657 3374 hoc
677 3311 873 3391 notandum,
888 3332 944 3378 res
965 3312 996 3376 in
1017 3311 1125 3394 primis
1149 3302 1181 3381 et

251 3447 358 3492 reram
388 3441 526 3492 naturam
561 3424 739 3508 respexisse
758 3424 969 3510 philosophos
990 3427 1086 3509 iilos,
1108 3419 1181 3496 eum

251 3541 389 3609 Platonis
411 3541 553 3606 doctrina
584 3543 745 3626 adipsum
768 3541 924 3609 hominem
946 3544 1097 3612 referatur
1115 3548 1185 3613 uni·

253 3677 302 3725 ce.
346 3657 404 3725 Uti
423 3659 591 3741 speluncae
608 3660 692 3741 opud
714 3670 784 3726 e'um
807 3659 932 3743 imago,
964 3665 1005 3728 its
1026 3665 1095 3748 ejus
1115 3664 1186 3748 piti-

1136 3783 1183 3845 loss

289 3923 336 3991 (t)
355 3923 458 3977 nense.
489 3923 609 3975 ornares
622 3920 726 3990 philos.
744 3917 811 3975 vol.
828 3923 852 3978 Ι.
869 3922 916 3976 281
937 3928 963 3974 si
974 3922 1038 4009 ¹282.
1057 3921 1108 3976 Ed.
1129 3921 1184 3976 1³·-

252 4039 300 4075 trs.
324 4040 401 4094 ¹r'920
495 4044 497 4048 ³
631 4043 634 4048 ·
959 4032 961 4037 ’
1075 4030 1078 4034 ’
1175 4030 1177 4034 ’
