2896 5168
618 480 662 529 -e
684 466 821 547 sps-2

231 647 329 739 'dum
349 677 390 735 et·
405 661 557 750 exposuit
585 677 618 732 st
647 676 707 762 psr
730 662 865 731 ironiam
893 661 1073 750 exagitavit
1090 646 1189 749 seqare

249 776 413 868 explosit,
445 796 483 849 ut
509 781 605 848 simul
635 781 846 865 etymologiae
880 781 973 849 istius
999 780 1187 866 perversita-

249 911 313 972 tem
343 898 583 967 demonstraret.
626 895 824 966 moueantur
853 899 910 967 hac
940 899 979 965 de
1007 917 1042 965 re
1077 900 1184 966 secum

250 1013 386 1085 lumem
414 1015 636 1096 colloquentes
678 1013 894 1100 Hermogenes
937 1029 969 1082 et
1007 1017 1184 1099 erotylos,

251 1148 387 1215 quorum
407 1130 458 1197 hie
474 1147 497 1196 e
516 1128 685 1197 verborum
698 1130 945 1215 ··signillcatlone
963 1132 1067 1199 munla
1087 1133 1188 1202 fleme

226 1313 229 1319 .
252 1245 427 1314 contendit.
471 1244 617 1317 Socrates
643 1246 863 1331 inutrsmque
881 1263 1001 1334 partem
1022 1249 1188 1334 disputan

253 1375 491 1441 resumamus,
531 1360 621 1442 quod
658 1362 755 1430 noble
789 1365 916 1432 minime
942 1381 992 1432 est
1029 1366 1189 1453 negligen-

253 1479 349 1560 dum,
380 1479 479 1560 illuc,
513 1483 541 1545 si
571 1479 677 1547 minus
703 1481 870 1565 pervenit,
890 1483 1052 1549 contendit
1082 1498 1187 1552 mmem

252 1607 455 1676 constanter,
475 1609 514 1661 ut
541 1595 589 1662 rei
618 1610 705 1663 recte
731 1597 1114 1682 dijudicmduerationem
1138 1599 1189 1666 ins

253 1711 372 1781 omiss
414 1711 548 1794 ltaque,
573 1694 647 1781 eum
678 1712 864 1796 philosophi
884 1711 953 1780 ihre
970 1733 1006 1780 ac
1027 1717 1189 1798 sophistae
1276 1793 1280 1799 ,

129 1863 132 1867 ·
255 1838 368 1897 samum
389 1828 482 1897 unice
499 1828 668 1905 verborum
688 1831 902 1913 sumeretis,
924 1847 964 1897 ex
981 1847 1085 1913 eoque
1099 1831 1189 1914 quio·

258 1944 337 2028 quid
358 1945 481 2013 issent
501 1946 626 2015 officere-
648 1962 858 2031 conarentur,
892 1940 1059 2031 Socrates,
1089 1963 1126 2015 ut
1154 1950 1190 2018 lm

259 2060 346 2137 ommi
371 2061 613 2144 disquisitione,
634 2065 677 2132 its
697 2064 730 2130 ln
749 2067 807 2131 hac
832 2063 1029 2133 dulcescas·
1061 2064 1193 2149 potissi·

257 2197 345 2254 mum
378 2183 532 2253 rasisssm
568 2182 779 2265 usurpandam
815 2181 939 2249 statuit.
983 2181 1085 2250 Primo
1112 2200 1192 2251 vero

258 2296 410 2380 nomime,
438 2295 503 2379 ait,
534 2297 652 2380 quibus
685 2297 743 2365 alls
771 2316 837 2364 nou
879 2299 1092 2384 paecedunt,
1120 2319 1192 2382 quo

260 2428 355 2498 paeto
390 2432 483 2496 quam
513 2414 649 2482 maximo
677 2432 728 2481 res
756 2415 841 2498 ipsas
871 2413 966 2480 nobis
996 2413 1193 2483 ostendenti

234 2516 314 2600 'llo
334 2533 395 2598 hoe
413 2547 517 2601 autem
532 2531 610 2598 mihi
637 2533 804 2617 responde.
848 2531 883 2601 si
912 2549 970 2598 nec
997 2549 1107 2598 vocem
1125 2526 1194 2600 ‘meo

262 2648 399 2735 linguam
425 2648 668 2730 habuissemus,
699 2648 909 2715 voluissemus
943 2663 1046 2716 sutem
1075 2666 1126 2714 res
1146 2648 1196 2716 im·

262 2767 363 2835 vicem
384 2765 560 2847 declarare,
581 2783 688 2848 nonne
704 2766 834 2850 perinde
856 2784 892 2833 ac
911 2785 995 2834 nune
1014 2766 1115 2848 muti,
1130 2785 1196 2835 ma·

258 2885 359 2951 'nibus
376 2883 544 2965 capitaque
562 2900 597 2947 sc
615 2883 744 2948 caeteris
765 2882 911 2951 membris
930 2885 1107 2970 significare
1125 2899 1196 2952 tens

130 3060 135 3072 ,
263 2998 479 3065 msissemusl
497 3028 547 3048 -
564 2994 642 3078 Quo
673 2997 754 3061 enim
786 2998 872 3078 allo,
893 3015 914 3063 ο
936 2998 1105 3079 Socrates,
1127 3017 1196 3067 moa

263 3113 331 3178 doi
351 3145 400 3171 «-
440 3110 474 3176 si
496 3124 667 3191 supernum
699 3110 882 3194 quippiam,
925 3111 1042 3192 credo,
1070 3115 1122 3179 vel
1152 3114 1198 3179 le·-
1250 3116 1253 3122 '

262 3247 306 3296 re
335 3227 491 3296 decimare
519 3226 751 3304 voluissemus,
779 3229 902 3293 coelum
932 3243 1044 3294 versus
1071 3245 1196 3294 menum

264 3346 514 3427 ¹extulissemus,
556 3345 656 3429 ipsam
686 3345 730 3413 rei
760 3360 899 3412 naturam
927 3343 1107 3425 imitantes;
1150 3346 1198 3409 in·

264 3461 385 3535 seriora
412 3481 489 3530 vero
523 3475 555 3528 et
586 3461 690 3545 gravis
715 3459 944 3547 significaturi,
966 3458 1198 3527 demisissemus

266 3594 381 3646 tenum
409 3595 520 3645 versus
552 3595 689 3644 menum.
742 3577 872 3659 Equum
908 3575 982 3643 item
1021 3593 1199 3643 currentem

269 3701 322 3767 vel
345 3695 429 3763 aliud
446 3693 582 3778 quodvis
601 3693 776 3761 animalium
802 3692 829 3758 si
855 3692 1064 3759 voluissemus
1085 3692 1201 3757 indica·

267 3833 328 3895 re,
347 3830 465 3895 eorpus
484 3806 622 3893 quisque
647 3827 740 3876 suum
769 3823 941 3895 gestusque
968 3826 1000 3876 et
1023 3809 1139 3892 figuras
1161 3808 1201 3874 iis

273 3930 429 3999 simillime
455 3925 698 4011 composuisset.
728 3961 773 3978 -
798 3922 940 3992 Necesse
960 3939 1020 3992 est.
1042 3958 1086 3978 υ-
1106 3919 1203 3992 Hunc

273 4049 306 4116 in
326 4046 476 4128 modum,
494 4050 533 4110 ιιι
554 4042 713 4126 arbitror,
732 4043 852 4127 eorpus
871 4035 1079 4128 sigstlcisser
1097 4040 1206 4127 slirgu·
1255 4022 1257 4029 '

705 4159 740 4226 N
761 4181 782 4227 a
1154 4155 1207 4242 le,
