2896 5168
703 470 899 535 '‘⁶¹5²-

331 645 380 698 est
399 638 484 698 certe
503 630 579 715 ille,
611 650 705 717 quem
739 632 898 699 Diotimae
931 632 1043 699 tribuit
1070 634 1102 698 in
1131 653 1260 718 sympo-

329 749 403 816 sioe
426 748 490 816 illie
522 763 625 816 autem
650 749 761 815 mutiet
780 750 825 815 sic
846 750 988 831 loquitur
1007 752 1046 817 de
1072 768 1174 816 nerum
1192 770 1259 816 om-

329 865 417 932 nium
446 867 640 948 mutatione,
661 880 699 932 ut
722 883 821 932 unum
848 884 887 935 ex
918 866 1100 934 Heracliteis
1128 866 1197 932 istis
1230 880 1261 930 et

333 983 487 1066 sophistis
523 983 629 1049 audire
660 981 756 1049 nobis
780 983 953 1052 videamur.
1009 983 1158 1065 Dicitur,
1197 983 1260 1064 ait,

331 1100 584 1181 unumquodque
601 1099 778 1166 animalium
808 1101 914 1168 vivere
934 1100 1080 1184 idemque
1099 1120 1189 1182 esse,
1210 1119 1266 1168 ve·
1302 1126 1306 1136 ·

332 1213 391 1280 iuti
408 1233 426 1279 a
442 1232 542 1297 puero
573 1217 646 1300 quis
671 1219 751 1284 idem
774 1236 866 1296 ease,
888 1217 988 1283 donee
1015 1236 1111 1283 senex
1143 1216 1262 1302 fuerit,

332 1328 470 1396 dieiturt
503 1332 531 1399 is
556 1352 633 1399 vero
664 1350 833 1413 numquam
864 1329 969 1395 endem
1008 1331 1149 1409 habens,
1182 1333 1263 1397 idem

332 1457 436 1513 tamen
473 1462 625 1513 vocatura
668 1447 705 1510 fit
734 1446 854 1511 scilieet
892 1463 997 1510 novus
1029 1444 1195 1510 identidem
1228 1465 1264 1510 ae

336 1575 442 1627 vetma
465 1561 571 1640 exuit,
606 1562 694 1644 quod
724 1576 756 1627 et
787 1561 890 1628 crines
911 1575 943 1627 et
971 1579 1092 1627 earnem
1124 1576 1157 1627 et
1192 1581 1264 1627 ossa

333 1689 368 1742 et
395 1677 575 1761 sanguinem
610 1693 641 1743 et
677 1693 780 1743 totum
825 1679 954 1744 omnino
989 1696 1107 1760 corpus
1140 1678 1264 1743 attinet.

332 1790 405 1864 Noc
432 1792 576 1877 eorporis
599 1808 745 1874 tantum,
768 1793 822 1859 sed
842 1792 936 1858 animi
958 1792 1049 1858 etiam
1072 1792 1193 1857 ratione
1215 1793 1269 1856 ha·

333 1911 423 1993 bita,
450 1911 497 1977 'sic
524 1929 595 1978 sese
625 1911 721 1976 homo
753 1910 859 1976 habet.
902 1910 1039 1991 Mores,
1065 1909 1271 1975 eonsuetudi-

334 2045 416 2107 nes,
439 2027 630 2110 opiniones,
655 2026 870 2111 cupiditates,
892 2029 1098 2111 voluptates,
1121 2027 1270 2108 dolores,

335 2144 490 2225 timores,
533 2144 644 2211 horum
674 2144 797 2227 singula
820 2162 981 2225 nunquam
1008 2143 1114 2208 eadem
1149 2144 1271 2209 unicui-

338 2279 403 2345 que
418 2260 555 2343 adsunt,
575 2265 662 2332 ἀλλὰ
685 2265 728 2331 aei
754 2265 811 2344 μὲν
834 2265 1001 2343 γίγνεται,
1019 2266 1062 2332 τὸ
1087 2267 1118 2332 δὲ
1135 2264 1272 2335 dentiu-

334 2395 405 2449 sac·
427 2378 495 2446 alia
514 2398 586 2446 nero
607 2392 783 2444 nascuntur
810 2378 916 2459 nobis,
936 2394 1071 2466 percunt
1090 2380 1172 2444 aia.
1203 2376 1272 2443 Imo
1339 2429 1343 2440 .

338 2512 437 2576 vero,
468 2494 556 2576 quod
580 2496 680 2558 multo
707 2493 879 2558 mirabilius
906 2494 998 2559 etiam
1015 2507 1097 2574 est,
1124 2493 1272 2560 scientiae

337 2610 416 2676 adeo
449 2626 514 2674 non
544 2609 648 2676 solunt
676 2627 748 2672 cum
776 2622 949 2673 nascuntur
977 2593 1096 2691 nobis,
1126 2624 1193 2675 tum
1219 2622 1274 2694 pe'-

339 2736 458 2804 neunt,
499 2737 536 2788 ut
564 2741 668 2789 earum
699 2722 791 2787 etium
826 2723 946 2788 ratione
977 2723 1085 2790 habita
1114 2743 1274 2807 nunquam

340 2838 437 2913 iidem
463 2838 585 2920 simus3
614 2838 670 2904 sed
687 2839 939 2922 uniuscujusque
959 2839 1036 2913 adeo
1056 2839 1203 2909 scientiae
1223 2861 1275 2907 ea·

343 2957 414 3024 dem
434 2954 573 3021 conditio
591 2968 652 3022 est.
681 2955 717 3021 ld
740 2954 822 3020 enim
836 3001 849 3035 ,
863 2957 951 3035 quod
969 2954 1120 3026 meditari
1141 2960 1277 3041 appello·¹

344 3094 444 3157 mus,
467 3073 556 3158 quusi
577 3071 687 3149 exierit
709 3070 862 3150 scientia,
884 3072 1019 3139 dieitur:
1054 3073 1175 3138 oblivio
1194 3064 1279 3169 enim

347 3190 497 3270 scientiae
523 3190 626 3258 exitus
646 3203 717 3268 est,
739 3188 900 3263 meditatio
928 3207 1003 3256 vero
1023 3205 1135 3256 novam
1160 3210 1278 3257 memo·

348 3308 426 3377 riam
460 3325 584 3391 semper
610 3303 754 3379 abeuntis
782 3305 854 3370 loco
886 3306 1077 3385 restituens,
1119 3307 1279 3377 scientiam

348 3437 476 3503 servat,
509 3437 546 3486 ut
570 3437 641 3487 esse
667 3421 772 3486 eadem
793 3421 935 3488 videatur
959 3421 1018 3494 (ι),
1064 3421 1150 3488 Haec
1175 3424 1281 3491 Dioti·

350 3556 402 3613 me
422 3538 455 3609 in
470 3534 658 3620 Symposio:
683 3536 802 3619 quaesi
822 3536 1035 3621 attendimus,
1057 3558 1122 3606 non
1142 3559 1217 3609 sane
1236 3543 1285 3611 vi.

352 3657 462 3729 doetur
487 3654 577 3722 Plato
602 3664 658 3724 τῶν
681 3658 799 3742 ieiunus
826 3657 1001 3740 Φιλοσόφων
1026 3654 1137 3738 piacita
1158 3660 1283 3744 rejecis-

350 3787 401 3851 se.
452 3768 550 3864 Quod
580 3785 683 3838 autem
710 3771 897 3855 Protagorae
933 3771 1050 3840 dictum
1072 3775 1214 3860 attinet,
1249 3777 1281 3846 id

1220 3912 1287 3959 cui.

385 4023 434 4127 ‚w
457 4027 547 4103 ΜΨ·
566 4042 626 4097 ²07·
645 4024 682 4077 D·
699 4041 738 4068 ⁸·
753 4027 813 4082 208.
833 4025 869 4086 Δ.
