2896 5168
623 487 819 534 ...102-

251 655 315 732 Hic,
338 667 439 718 autem
465 651 516 715 ine
536 669 609 715 cum
626 647 893 731 adolescentibus,
916 646 984 730 pari
1007 663 1080 713 cum
1104 643 1177 727 ipso

251 769 448 835 inveniendae
467 765 606 853 justitiae
628 767 737 833 ardore
756 766 892 846 ductus,
912 764 957 829 rei
977 761 1066 845 quasi
1085 777 1179 826 ncne·

253 883 369 949 tionem
390 882 538 949 instituit.
583 883 756 950 Audiamus
775 900 847 947 eum
867 896 975 963 porro.

392 1115 570 1179 Ubinam
602 1113 762 1179 tandem
796 1117 838 1177 ln
868 1114 1052 1180 ciuitate

463 1282 466 1287 .
538 1232 725 1311 justitia
756 1230 898 1296 latet?

305 1470 392 1552 Ergo
419 1479 544 1549 oportet
574 1482 653 1545 nos,
683 1463 753 1543 ait,
782 1464 926 1545 Glauco,
959 1480 1114 1545 tamquam
1135 1480 1189 1528 ve·

265 1600 388 1649 natores
410 1579 585 1663 quosdam,
606 1577 804 1643 circumcirca
823 1578 957 1660 cespites
973 1594 1111 1662 ponere,
1130 1574 1192 1641 cir·

266 1698 527 1784 conspicientes,
547 1713 588 1760 ne
607 1714 669 1777 qun
686 1714 723 1759 ex
742 1710 828 1777 parre
843 1694 964 1778 justitia
984 1691 1193 1778 subterfugiat

266 1832 362 1898 atque
381 1830 567 1880 evanescens
593 1814 685 1877 lateat
706 1829 780 1877 nos.
821 1811 909 1901 Patet
932 1812 1032 1892 enim,
1054 1813 1105 1876 bic
1128 1830 1193 1878 eam

270 1949 356 1996 esses
389 1930 460 1995 uide
479 1929 573 2012 igitur
593 1944 624 1992 ct
643 1929 816 2009 conspicari
834 1928 994 2008 annitere,
1016 1927 1044 1994 si
1061 1924 1144 1993 forte
1160 1942 1196 1994 tu

273 2048 384 2130 prius,
407 2064 497 2127 quam
524 2062 605 2127 ego,
626 2064 690 2108 eam
717 2064 823 2109 cernas
842 2045 982 2126 mihique
998 2042 1130 2109 indices.
1151 2078 1199 2095 -

241 2242 245 2249 ι
273 2163 400 2229 Utinam
420 2178 495 2225 vero
515 2161 659 2242 possem!
701 2160 755 2225 Tu
772 2176 872 2225 autem
894 2180 942 2225 me
962 2160 1070 2242 potius
1091 2174 1127 2224 ut
1146 2178 1202 2224 co·

276 2280 350 2342 mire
372 2277 485 2356 uteris,
515 2275 570 2356 qni
593 2292 624 2341 et
647 2295 759 2357 sequar
780 2292 812 2341 te
830 2293 862 2342 et
882 2296 960 2357 quae
981 2275 1203 2343 monstraveris

276 2392 457 2474 conspicere
484 2392 616 2474 possim.
646 2428 693 2444 -
734 2395 869 2475 Sequere
901 2394 1018 2476 igitur,
1061 2408 1205 2478 precatus

278 2518 412 2565 mecum.
434 2535 480 2570 --,
520 2498 660 2564 Faciam:
704 2516 738 2565 tn
771 2501 865 2565 modo
895 2501 975 2579 duc,
1007 2519 1137 2582 quaeso.
1158 2535 1206 2552 -

280 2615 423 2683 Difficilis
450 2633 523 2680 sanc
550 2615 625 2679 mihi
648 2616 698 2680 hic
718 2619 807 2681 locus
826 2617 948 2682 videtur
967 2632 997 2681 et
1019 2617 1205 2682 umbrosus:

279 2749 330 2799 cst
350 2735 437 2814 plaue
455 2731 609 2797 obscurus
627 2749 657 2797 et
673 2733 970 2815 imperscrutabilis3
995 2747 1222 2798 verumtamen·

283 2850 554 2932 progrediendum.
576 2883 622 2900 —
642 2851 901 2933 progrediendum
925 2851 1066 2917 omnino.
1086 2883 1132 2901 -
1151 2849 1209 2915 Ioi

284 2967 338 3030 iol
361 2983 382 3029 o
403 2965 547 3046 Glauco,
570 2965 733 3048 vestigium
753 2967 895 3032 videmur
915 2969 1066 3048 quoddam
1087 2982 1212 3047 tenere,

286 3101 343 3147 mcc
367 3080 494 3162 effugiet
514 3100 573 3145 nos
594 3082 693 3163 illud,
715 3086 802 3165 quod
822 3085 1012 3164 quaerimus.
1031 3119 1079 3136 -
1130 3077 1214 3150 uene

289 3214 407 3262 mones.
432 3196 668 3262 -Enimvero
694 3202 824 3263 stultum
854 3202 945 3280 plane
968 3201 1128 3282 negotium
1153 3201 1214 3265 boc

289 3303 445 3378 nostrum.
468 3312 617 3397 -Quid
637 3315 744 3381 istud?
764 3349 811 3367 ·-
833 3316 899 3399 Jtm
923 3318 1039 3398 pridem
1061 3317 1154 3384 nobis
1174 3318 1215 3383 ab

289 3431 362 3509 ipso
385 3428 559 3509 principio,
601 3451 622 3494 o
649 3430 749 3508 bone,
790 3435 876 3512 quod
909 3435 1106 3516 quaerimus,
1145 3450 1218 3500 ante
1251 3496 1255 3503 .

293 3547 387 3627 pedes
418 3544 577 3627 volvitur,
618 3566 674 3611 nec
702 3549 920 3630 conspeximus
952 3551 1052 3632 iiiud3
1096 3570 1217 3617 eramus

293 3678 369 3724 vero
402 3678 469 3725 non
502 3662 604 3726 minus
635 3663 775 3742 udicnli,
810 3684 899 3745 quarn
929 3669 983 3746 qui
1016 3667 1048 3731 in
1076 3668 1219 3733 manibus

296 3776 373 3857 quid
399 3777 566 3859 habentes,
603 3796 753 3858 quaerunt
790 3782 923 3848 subinde
959 3787 1045 3864 qnod
1085 3785 1217 3850 habente

296 3893 342 3957 sic
369 3911 428 3957 nos
452 3892 483 3956 in
502 3894 578 3957 illud
599 3895 721 3975 quidem
744 3915 808 3962 non
832 3900 1040 3981 attendimus,
1072 3903 1128 3968 sed
1147 3920 1223 3984 pro·

298 4012 349 4076 tui
372 4006 484 4073 inuia
507 4009 609 4077 omnia
636 4028 765 4081 mentem
791 4016 1018 4085 convertimuss
1044 4037 1108 4100 quo
1130 4015 1222 4085 facilc

1165 4154 1224 4203 1101
