2896 5168
614 508 660 527 ..
683 493 820 556 152...

250 661 308 733 iter
333 651 544 737 exploraverit
568 672 602 720 ac
630 655 841 719 declaraverit.
883 651 1039 719 Summttn
1060 654 1176 737 habet,

252 789 288 838 ut
316 772 555 836 animadvertere
587 774 649 853 jam
683 771 866 852 coepimus,
905 768 997 835 trium
1028 769 1176 853 illorum,

254 910 334 972 quac
353 888 472 954 homini
493 890 619 969 insunt,
649 896 818 970 ιιιγιςιιιιῦ,
844 892 1007 970 θυμοειδοῦς
1028 904 1058 952 et
1080 891 1180 959 ἐπιθυ·

253 1013 401 1089 ιιιιιικιῦ,
423 1004 599 1084 rationem,
620 1024 698 1085 quae
721 1007 751 1070 in
772 1005 985 1070 aristocratico
1006 1002 1072 1069 sive
1094 1005 1180 1071 bono

250 1123 402 1205 justoque
423 1122 548 1187 homine
566 1120 788 1202 consentiunt,
810 1122 842 1186 iu
863 1120 1058 1186 titoocratico
1078 1136 1179 1187 autem

254 1253 286 1304 et
306 1236 494 1320 oligarchico
509 1237 704 1320 turbantur,
725 1251 761 1303 ut
783 1236 815 1302 in
840 1237 942 1302 animo
966 1236 1106 1318 ipsorum
1129 1256 1183 1303 ve·

255 1355 314 1419 luti
340 1356 507 1423 seditiones
531 1354 683 1420 oriantur.
729 1353 815 1421 Tum
844 1373 919 1419 vero
947 1352 1006 1419 iter
1023 1354 1102 1420 illud
1121 1354 1180 1419 ho·

257 1469 349 1535 minis
382 1472 421 1538 ud
450 1469 525 1537 vitia
557 1489 744 1553 omnemque
780 1470 961 1554 pravitatem
989 1471 1180 1535 attendamus

257 1588 431 1670 diligenter.
473 1589 524 1657 Fit
552 1588 604 1655 iiie
630 1589 789 1672 primurn,
814 1602 849 1653 ut
869 1587 1078 1653 timoctaticus
1099 1587 1183 1668 iste,

257 1706 404 1791 superbus
423 1721 517 1785 atque
538 1703 740 1786 ambitiosus,
762 1707 941 1791 ὑψηλόφρων
958 1705 1182 1790 mithridaticae

258 1825 341 1904 ἀνήρ.
366 1818 407 1887 (¹)
452 1819 613 1887 Dominari
642 1818 675 1885 in
702 1838 740 1885 eo
769 1825 803 1890 ci
830 1824 974 1903 θυμοειδὲς
995 1819 1126 1902 incipit,
1148 1830 1185 1883 ut

261 1941 387 2015 minus,
417 1956 509 2018 quant
540 1957 596 2018 par
623 1952 695 2016 est,
724 1937 803 2002 tatio
831 1937 1024 2002 auctoritatis
1055 1936 1185 2001 habeat:

261 2055 434 2118 excitantur
462 2054 646 2136 cupiditates
676 2055 788 2132 etiarn,
810 2057 925 2136 quibus
945 2055 1072 2136 gloriani
1096 2052 1189 2119 unice

262 2160 526 2235 etauctoritatem
549 2171 680 2252 appetit.
731 2173 810 2236 Sunt
835 2172 908 2235 haec
927 2170 1188 2253 praeclarissimo·

262 2305 329 2359 runt
352 2285 441 2351 etiarn
463 2286 599 2353 virorum
623 2288 769 2366 vitia‚,iu
796 2289 913 2370 qtrihus
942 2289 1087 2354 seruntur
1111 2286 1187 2355 faci·

262 2403 311 2483 le;
333 2420 440 2466 verunt
463 2401 537 2466 vitia
556 2421 630 2469 sunt
652 2419 774 2484 tannen,
800 2405 970 2487 iisdemque
980 2405 1100 2470 animus
1113 2423 1188 2486 pro-

263 2519 354 2583 clivis
374 2521 411 2584 ad
431 2538 551 2583 ontneur
574 2522 751 2602 pravitatem
776 2522 823 2587 iit.
846 2523 886 2590 (²)
928 2523 1034 2600 Nam,
1063 2523 1189 2602 quode

263 2633 397 2701 civitatis
417 2637 623 2703 tituocraticae
643 2641 675 2702 iu
694 2640 893 2721 oiigatchiam
910 2639 1115 2705 conversione
1135 2657 1190 2720 pa·

264 2773 324 2834 tet,
356 2756 541 2837 cupiditates
575 2756 631 2821 hac
659 2756 751 2823 viia
782 2758 898 2839 gloriae
927 2756 1033 2822 studio
1056 2755 1094 2820 ad
1122 2755 1190 2820 auri

265 2893 379 2941 sacrant
401 2872 516 2939 ¹santetn
538 2874 796 2937 convertuntur
813 2894 877 2955 quo
896 2873 1029 2952 accidit,
1051 2887 1086 2937 ut
1104 2877 1192 2954 dotto-0

267 2994 339 3065 ειδὲς
373 2990 471 3068 iliud,
505 2989 591 3070 quod
630 2989 760 3052 excitare
793 2988 947 3053 hominem
979 2989 1017 3052 nd
1044 3005 1192 3070 generosa

267 3104 403 3170 facinora
433 3105 574 3184 solebat,
601 3105 678 3171 solis
712 3104 859 3169 inserviat
884 3104 1107 3184 cupiditatibus
1138 3124 1195 3169 ex·

268 3222 414 3301 prendis,
434 3243 512 3302 quac
534 3222 649 3303 opibus
670 3222 812 3298 inhiant,
835 3237 865 3284 et
885 3220 963 3285 nihil
985 3220 1099 3284 habent
1119 3237 1192 3284 curu

271 3339 475 3421 generositate
492 3357 585 3421 atque
604 3339 694 3404 aninti
713 3337 923 3421 magnitudine
944 3354 1120 3401 conrmune.
1150 3335 1195 3401 Et
1236 3413 1239 3417 ,

270 3475 344 3523 vero
376 3456 506 3522 efficitur
535 3457 647 3535 simui,
675 3471 708 3518 ut
736 3455 809 3519 hinc
839 3453 983 3535 deinceps
1009 3453 1040 3517 iu
1068 3451 1200 3517 homine·

457 3549 460 3555 ·
1125 3570 1198 3635 nula

306 3732 347 3798 (ι)
372 3734 415 3782 De
431 3735 503 3799 Rep.
523 3729 608 3781 vrtt-
623 3728 683 3782 ono.
701 3727 733 3780 B.
796 3728 836 3795 (a)
867 3724 969 3780 Nostro
994 3725 1023 3776 id
1049 3724 1197 3791 proverbio

271 3821 446 3886 exprimitur:
466 3821 562 3888 Inperti
573 3820 721 3888 praecedit
735 3819 878 3887 superbia.
901 3816 956 3871 Sed
972 3812 1197 3868 commonitores

271 3910 356 3959 otuuis
377 3918 416 3958 cst
437 3907 604 3974 antiquitatis
629 3906 775 3956 sententio:
796 3906 968 3973 quamobrem
984 3903 1058 3953 Deus
1078 3901 1199 3953 occurrit

271 3998 328 4046 iilic
349 3998 422 4057 iiue,
450 3996 489 4045 nii
509 3994 590 4060 magis
608 3994 635 4043 in
652 3991 759 4044 homine
780 3995 912 4059 punient,
935 4008 1013 4059 quom
1035 3990 1197 4056 superbiam.
1284 3982 1286 3987 ’

271 4085 306 4159 is.
328 4087 390 4137 sin.
410 4085 443 4136 rie
460 4081 565 4163 Joogir,
585 4085 667 4151 Βίῳ.
685 4085 717 4135 de
734 4083 873 4159 Herodoti
887 4078 1068 4151 philosophia
1083 4094 1111 4144 p.
1122 4076 1163 4145 ⁵²?
