2896 5168
759 434 952 509 *158⁴-

372 620 453 692 quae
476 604 598 693 singula
622 607 794 686 sentimus,
829 605 922 688 quam
946 609 1063 689 quibus
1084 617 1239 684 sentimus
1263 613 1310 685 ie·

372 725 592 809 spondendum
611 725 747 792 videtur.
758 725 929 792 —Iccirco
946 727 1007 794 ista
1024 744 1128 798 tecum
1143 733 1308 818 diligenter
1354 733 1363 754 '

368 843 541 927 perquiro,
552 857 588 907 ut
602 843 784 926 videamus,
796 862 871 910 uum
892 863 956 910 uuo
967 849 1102 929 quodam
1114 849 1306 933 eodemque,

372 960 462 1043 quod
472 960 547 1026 insit
568 957 686 1040 nobis,
704 964 885 1044 peroeulos
905 960 975 1029 alba
995 979 1025 1030 et
1035 965 1214 1051 nigra,per
1227 968 1307 1036 alios

367 1090 471 1144 autem
499 1095 611 1144 sensus
641 1079 700 1145 alia
736 1083 886 1161 quaedam
914 1080 1146 1165 percipiamuss
1189 1086 1310 1169 possis·

370 1209 434 1273 que
466 1194 676 1281 interrogatus
708 1197 747 1261 ad
777 1215 893 1278 corpus
923 1198 1048 1279 singula
1075 1201 1203 1270 referre.
1247 1198 1309 1271 Sed

368 1327 505 1396 praestat
535 1328 567 1377 te
597 1312 775 1395 singultuum
804 1313 843 1374 de
873 1309 922 1374 his
954 1316 1166 1398 respondere,
1213 1340 1306 1401 quatu

365 1447 455 1514 aegre
487 1447 538 1493 me
567 1428 614 1490 tui
645 1427 730 1491 vices
762 1443 880 1505 gerere.
925 1426 986 1492 Dic
1015 1427 1135 1513 igitur:
1169 1451 1226 1514 ea,
1249 1456 1305 1519 per

367 1562 448 1628 quae
478 1541 576 1607 sentis
608 1539 728 1623 calida,
761 1540 868 1624 sicca,
903 1544 1004 1626 levia,
1036 1547 1164 1631 dulcia,
1198 1567 1305 1618 noune

365 1659 511 1744 corporis
535 1678 647 1726 seusus
681 1659 804 1744 singula
831 1660 1020 1729 existimas?
1053 1682 1092 1730 an
1125 1683 1200 1731 vero
1229 1669 1305 1733 aite-

255 1771 258 1777 ’
360 1777 434 1846 'tius
461 1777 650 1862 cujusdam?
680 1813 727 1831 —
747 1777 877 1845 Nullius
902 1779 1044 1847 alterius.
1065 1822 1116 1840 -
1135 1780 1305 1866 Numquid

365 1895 537 1981 fateberis,
558 1917 638 1978 quae
658 1915 714 1979 per
732 1896 828 1962 alium
846 1914 974 1965 sensum
991 1898 1112 1980 sentis,
1133 1918 1190 1982 per
1208 1898 1303 1967 alium

365 2012 483 2080 sentire
520 2031 585 2078 non
622 2011 749 2094 possei
791 2011 889 2079 veluti
923 2014 1003 2094 quae
1038 2034 1094 2098 per
1136 2016 1303 2100 auditum,
1343 2058 1348 2063 ·

365 2147 433 2197 uon
462 2129 566 2196 eadem
598 2149 653 2213 per
675 2127 801 2194 visum:
836 2143 867 2194 et
899 2145 1031 2212 contra,
1064 2150 1144 2213 quae
1175 2148 1231 2216 per
1256 2132 1315 2225 vi·-

365 2267 537 2331 sum‚n0n
556 2247 658 2314 eadem
681 2267 738 2331 per
759 2247 986 2333 auditumix—
998 2248 1118 2335 Quidni
1130 2249 1303 2318 fateari-

364 2365 492 2454 Quodsi
526 2366 565 2432 de
596 2364 751 2433 ambobus
781 2365 928 2448 cogitas,
958 2382 1025 2431 uon
1057 2365 1157 2432 sentis
1182 2366 1216 2433 id
1245 2384 1302 2452 pet

362 2485 450 2553 hunc
485 2484 679 2563 alterumque
707 2500 845 2552 sensum.
885 2517 931 2534 ·-
961 2481 1039 2553 Nun
1066 2499 1162 2550 cette.
1175 2520 1232 2566 ,-
1252 2487 1302 2554 De

363 2621 444 2670 voce
472 2599 567 2683 igitur
588 2615 619 2663 et
648 2599 755 2662 colore
782 2597 844 2662 hoc
870 2597 974 2681 ipsum
1007 2600 1047 2666 de
1067 2600 1221 2667 ambobus
1245 2620 1301 2668 co·

363 2717 469 2802 gitas,
492 2732 560 2779 esse
580 2712 686 2779 ambo.
710 2749 754 2764 -
774 2712 909 2794 Cogito.
930 2752 979 2768 -
1001 2714 1087 2779 Tum
1112 2716 1298 2784 alterutrum

360 2832 401 2901 ab
434 2832 584 2896 alterutro
613 2825 771 2892 diversum
800 2844 869 2891 esse
903 2840 935 2891 et
971 2826 1097 2893 sibimet
1129 2829 1224 2898 idem.
1250 2867 1300 2889 ..-

362 2943 514 3036 Quidni?
543 2980 591 3000 -
618 2943 661 3011 Et
688 2941 781 3007 ambo
810 2960 880 3008 esse
900 2944 992 3026 duo,
1014 2946 1197 3014 alterutrum
1221 2969 1297 3017 vero

364 3082 475 3134 unum.
506 3095 552 3119 ·-
584 3060 658 3127 Hoc
683 3059 773 3126 item.
806 3095 853 3113 -
884 3061 979 3129 Potes
1011 3063 1160 3149 insuper,
1191 3082 1300 3138 utrum

361 3182 474 3253 similia
495 3181 577 3247 inter
602 3198 657 3257 se,
700 3194 740 3240 an
774 3176 936 3244 dissimilia
964 3178 1047 3261 sint,
1074 3183 1225 3266 judicare.
1251 3220 1298 3243 .-

300 3268 303 3277 ‚
360 3305 469 3372 Forte.
482 3333 528 3352 ·-
548 3297 634 3362 Haec
655 3307 759 3358 autem
780 3294 884 3361 omnia
906 3314 963 3379 per
980 3297 1072 3377 ‚quod
1092 3290 1297 3381 potissimum

362 3421 402 3487 de
429 3417 493 3485 illis
514 3411 699 3479 existimas?
721 3412 791 3478 Nec
811 3411 892 3477 enim
919 3430 975 3495 per
996 3413 1137 3484 auditum
1163 3435 1221 3486 nec
1239 3439 1298 3505 per

363 3534 470 3602 visum
499 3530 567 3596 fieri
604 3543 734 3613 potest,
772 3541 808 3594 ut
841 3529 929 3610 quod
952 3548 1121 3600 commune
1151 3533 1214 3604 iilis
1247 3552 1298 3606 est

360 3648 563 3738 percipiatur.
618 3647 703 3712 Hinc
730 3661 886 3730 praeterea
911 3648 1000 3731 quod
1028 3650 1161 3719 dicimus
1197 3657 1298 3743 conji-

359 3788 431 3838 eete
460 3765 547 3833 licet.
590 3764 625 3831 Si
651 3767 690 3833 de
719 3762 874 3831 ambobus
892 3765 1024 3851 iudicari
1045 3784 1180 3860 posset,
1200 3775 1298 3840 salsa.

359 3902 401 3953 ae
415 3885 479 3952 siut
499 3899 557 3949 nee
572 3899 631 3964 ne,
652 3899 765 3967 posses
780 3884 893 3968 procul
913 3882 1012 3951 dubio
1029 3886 1205 3972 declarare,
1227 3907 1294 3975 quo

354 3998 529 4093 immarus
561 3997 659 4084 idque
684 4014 752 4073 uon
780 3988 913 4085 visum,
944 4016 1011 4071 uon
1044 4003 1206 4100 stadim,
1235 4005 1296 4079 sad

1207 4117 1298 4201 aliud
