2896 5168
708 441 947 513 seol-

302 630 305 637 '
383 620 506 686 terioris
532 619 600 685 aevi
630 618 830 703 philosophis
855 619 993 704 placuit,
1017 621 1116 686 Deum
1138 621 1310 707 continuo,

383 741 526 823 ecujus,
549 757 641 819 quarn
655 736 872 817 informasset,
894 742 1003 803 uaturl
1022 755 1142 802 ornnem
1162 754 1314 822 repeteret

384 855 615 938 explicaretque
638 874 736 919 rerum
760 853 933 919 divinarum
956 854 1139 919 doctrinam.
1184 856 1315 923 Modes-

385 971 448 1036 tius
470 974 578 1038 Piacoa
602 988 702 1052 utque
723 971 948 1054 philosophum
970 972 1118 1052 decebat,
1141 989 1159 1037 e
1179 973 1316 1041 Socrati·

384 1092 421 1155 cl
456 1090 562 1153 schola
593 1087 792 1169 proiectum,
822 1104 918 1154 semet
941 1088 1063 1169 ipsum,
1097 1089 1157 1158 ie.
1179 1090 1314 1156 animum

383 1206 519 1271 hominis
538 1224 728 1288 cognoscere
745 1207 889 1286 studuit,
912 1224 976 1286 quo
999 1203 1096 1287 magis
1117 1208 1241 1291 exejus
1263 1225 1318 1274 na·

382 1326 453 1389 turi
475 1338 569 1404 atquc
594 1322 719 1404 indole,
741 1341 825 1402 non,
847 1323 923 1404 quid
947 1337 1030 1386 esset
1051 1324 1162 1404 Deus,
1183 1324 1316 1391 efficeret

384 1437 537 1502 continuo
565 1437 870 1519 pronunciarecque,
893 1437 948 1501 sed
975 1438 1012 1501 ad
1042 1436 1165 1504 divinae
1190 1454 1317 1506 naturae

382 1555 592 1638 cognitionem
615 1555 729 1619 sensim
747 1551 956 1635 paulatimque
972 1555 1220 1637 progrederetur.
1262 1553 1316 1621 Sic

277 1739 280 1743 ,
383 1688 484 1737 autem
511 1670 735 1754 philosophiae
753 1688 818 1735 non
842 1670 952 1751 posuit
973 1689 1031 1752 pro
1054 1670 1180 1735 arbitrio
1201 1671 1318 1753 princi-

383 1788 436 1871 pia
457 1789 628 1869 quaedam,
653 1787 791 1868 quibus,
814 1805 969 1868 tamquam
991 1787 1220 1869 fundamentis,
1241 1789 1318 1855 doc·

383 1905 481 1970 trinae
511 1904 684 1970 aedificium
720 1920 971 1986 superstrueret,
1015 1905 1070 1969 sed
1099 1924 1222 1970 summo
1247 1910 1317 1992 mus

382 2022 539 2106 principio
574 2041 612 2087 ex
645 2024 713 2102 ipset
734 2023 1016 2101 boninicurtem,
1044 2021 1178 2087 esancti
1206 2023 1320 2089 divini·

382 2159 444 2221 que
474 2138 603 2214 studio,
627 2137 713 2218 quod
735 2138 829 2201 nobis
856 2139 958 2214 inest,
981 2141 1100 2220 ducto,
1122 2137 1214 2207 facile
1231 2141 1321 2208 simi·

383 2270 447 2320 met
468 2254 534 2336 ipse
559 2255 636 2317 viam
659 2253 804 2335 aperuit,
827 2273 887 2334 qna
912 2269 983 2337 apte
1003 2256 1148 2339 deinceps
1168 2260 1206 2324 ad
1228 2276 1319 2327 sanc·

383 2387 449 2438 tum
480 2371 684 2453 divinumque
707 2372 909 2452 procederet,
942 2386 976 2435 ut
1000 2375 1120 2438 tandem
1146 2375 1317 2460 aliquando

384 2490 416 2555 in
440 2490 562 2555 Timaeo
591 2487 736 2553 sublimia
767 2488 817 2551 illa
846 2489 884 2553 de
911 2488 1000 2568 Deo,
1034 2504 1188 2572 tamquam
1208 2495 1319 2562 muudi

386 2610 499 2694 opifice
516 2623 546 2673 et
567 2607 795 2691 gubernatore,
818 2604 908 2670 effata
919 2607 1033 2672 ederet.
1065 2607 1319 2692 Haecviaquae·

384 2747 453 2794 nam
474 2726 538 2805 sit,
560 2725 737 2807 proximum
768 2738 817 2788 cst
842 2738 877 2789 ut
901 2723 1110 2804 inquiramus:
1133 2724 1192 2789 erit
1211 2741 1317 2796 auteur

282 2834 287 2843 ⁸
381 2846 474 2911 nobis
500 2845 538 2910 ad
567 2846 627 2910 hoc
658 2841 690 2906 in
717 2841 826 2924 primis
843 2855 1057 2922 argumentum
1078 2854 1160 2906 recte
1181 2857 1319 2910 tractan-

382 2964 481 3044 dum,
504 2981 624 3028 summa
655 2957 849 3026 discernendi
877 2955 1037 3041 diligentia
1062 2958 1244 3026 adhibenda.
1278 2930 1285 2954 ⁴

587 3193 845 3260 l‘urnosorrrme
869 3190 1107 3259 Pannonicae

455 3332 539 3394 vin,
569 3330 642 3395 Qun
663 3329 730 3377 NOS
753 3328 801 3375 AD
823 3326 996 3374 sunctum
1018 3326 1249 3393 ultimumque

771 3442 923 3491 uveam.

332 3714 338 3723 .
426 3662 521 3730 Haud
546 3662 703 3745 praeclare,
723 3655 868 3740 proiecto
897 3658 936 3722 de
955 3657 1159 3741 philosophia
1175 3655 1313 3725 Platonis

384 3781 485 3846 meriti
509 3794 607 3858 sunt,
640 3777 719 3859 qni,
750 3776 870 3855 aliquot
894 3787 1058 3857 postcunt
1082 3772 1233 3856 sacculis,
1263 3772 1314 3858 ip-

382 3899 447 3964 sius
475 3895 587 3979 piacita
619 3913 690 3959 cum
720 3891 798 3972 alia,
831 3906 896 3957 tum
925 3891 1055 3957 manime
1082 3893 1120 3957 de
1151 3891 1313 3958 sanctitate

382 4014 519 4081 hominis
552 4030 622 4076 curn
663 4008 854 4076 novitiorum
891 4008 1157 4093 Pythagoreorum
1190 4006 1314 4090 placitis

1236 4140 1315 4190 con-
