2896 5168
529 431 710 496 -ts-

157 626 199 692 go
230 603 388 688 quodum,
425 597 553 667 oliorum
580 595 723 663 omnium
740 591 1005 678 conjunctionum
1031 593 1104 660 ho-,

155 722 337 799 notatione,
355 720 483 804 iunctae
500 729 602 782 sunt:
633 712 698 781 nisi
722 709 949 777 contemnendo
967 727 1017 775 res
1034 712 1092 779 lux

154 841 208 907 sit.
241 874 287 897 -
316 833 427 917 Atqui·
447 835 580 898 multum
604 832 715 909 obest,
737 845 773 894 ut
800 845 849 894 res
879 825 922 893 sit
951 840 1093 893 contem·

155 958 267 1023 nendo.
298 978 346 1004 -·-
374 949 478 1034 Quem
511 964 587 1013 vero
614 944 813 1027 potissimum
842 944 983 1012 Deorum
1016 963 1091 1010 coe·

155 1073 282 1140 lestium
320 1068 416 1152 hujus
451 1063 497 1130 rei
529 1082 669 1130 caussam
700 1078 822 1165 putas,
864 1064 956 1148 cujus
985 1062 1091 1128 lumen

42 1219 47 1233 ·
156 1187 272 1267 efficit,
295 1200 331 1251 ut
357 1196 391 1251 et
415 1182 505 1251 visus
523 1192 635 1247 noster
661 1199 753 1262 quum
783 1180 904 1264 optime
924 1180 1028 1246 vident
1058 1191 1092 1245 et

156 1303 257 1372 oculis
283 1302 407 1386 objectu
431 1298 630 1367 cernuntur?
662 1334 709 1351 -
740 1298 844 1386 Quem
877 1311 908 1363 et
933 1313 968 1366 tu
995 1310 1091 1383 putas

156 1437 188 1489 et
214 1422 346 1489 caeteri:
370 1417 470 1485 solem
489 1417 611 1484 scilicet
630 1415 722 1484 dicis.
753 1450 800 1468 -
828 1414 948 1482 Nonne
977 1414 1022 1481 sic
1051 1413 1092 1481 od

155 1538 238 1607 hunc
261 1539 364 1607 Deum
398 1534 487 1602 visus
512 1552 548 1601 se
573 1533 695 1600 habeti
734 1573 779 1587 -
815 1532 1012 1621 Quomodo?
1042 1567 1090 1585 -

155 1656 254 1723 Visus
274 1673 332 1721 nec
352 1652 439 1736 ipse,
460 1669 518 1719 nec
539 1651 595 1731 id,
628 1649 679 1716 cui
707 1650 813 1732 inest,
842 1651 930 1734 quod
961 1653 1090 1717 oculum

154 1791 327 1850 vocamus,
361 1773 441 1853 ἤνιος
475 1784 537 1835 est.
564 1803 611 1822 -
627 1830 631 1837 ,
646 1764 724 1833 Non
752 1782 813 1835 est.
844 1804 891 1821 -
923 1767 986 1835 Sed
1021 1784 1092 1844 esse

154 1890 258 1956 visum
276 1890 370 1955 credo
385 1905 461 1971 prae
480 1885 611 1953 caeteris
630 1884 777 1952 sensibus
793 1888 1016 1966 ἧννοονδέςοοτον.
1044 1916 1092 1939 -

155 2006 200 2071 Et
226 2005 357 2070 maxime
381 2005 520 2086 quidem.
542 2043 587 2059 -
606 2003 726 2070 Nonne
757 2017 789 2069 et
815 2002 905 2084 vim,
928 2021 1022 2087 quum
1039 2002 1093 2071 hs·

156 2122 229 2201 bet,
273 2138 312 2184 ex
345 2137 385 2184 eo
421 2118 615 2202 depromtam
644 2137 676 2187 et
710 2121 800 2202 quasi
837 2122 1005 2189 derivatum
1038 2121 1094 2188 hu·

156 2237 234 2302 bet?
256 2271 302 2288 -
323 2234 470 2300 Prorsus.
491 2270 536 2285 —-
564 2236 681 2299 Nonne
706 2238 755 2300 sol
781 2237 872 2304 etium
901 2240 991 2305 visus
1021 2239 1093 2320 qui·

154 2355 224 2419 dem
251 2368 316 2416 non
343 2363 417 2428 est,
451 2348 530 2429 sod,
563 2367 635 2414 cum
662 2366 772 2414 caussa
796 2352 865 2433 eJ'us
894 2352 960 2432 sit,
982 2352 1021 2418 ab
1051 2371 1091 2419 eo

154 2471 226 2553 ipso
249 2465 468 2548 conspicitur?
497 2456 542 2518 ·-'-
569 2465 622 2532 Sic
649 2465 754 2548 plane.
786 2503 832 2518 -
860 2475 974 2539 Τοῦτον
996 2472 1093 2543 τοίνυν

155 2588 253 2670 Φάναν
272 2612 312 2668 με
328 2587 431 2664 λέγειν
457 2586 509 2652 τὸν
522 2589 575 2652 τοῦ
593 2586 710 2665 ἀγαθοῦ
735 2585 869 2664 ἔκγονον,
905 2582 935 2656 iv
955 2588 1091 2668 vinolio

155 2707 310 2786 ἐγέννησεν
336 2703 487 2782 ἀνάλογον
509 2703 630 2785 ἑαυτῷ,
651 2698 671 2769 ὅ
679 2750 689 2778 ,
710 2727 796 2784 norst
816 2706 892 2772 nisi
910 2706 940 2772 ἐν
957 2710 1001 2789 τῷ
1027 2731 1092 2786 νον·Ι

154 2825 196 2904 τῷ
217 2823 298 2903 τόπῳ
326 2822 396 2901 ntlt
420 2821 540 2887 settin
560 2818 854 2899 minimulum,
875 2826 963 2890 τοῦτο
984 2827 1089 2897 τοῦτον

155 2940 186 3006 ἐν
213 2940 255 3020 τῷ
279 2939 372 3018 ὁρατῷ
401 2937 471 3017 πρός
501 2961 536 3002 τε
562 2935 630 3017 ὄψον
658 2935 709 3003 καὶ
738 2938 782 3004 τὰ
811 2938 950 3018 δρώμενον.
994 2937 1090 3006 Hunc

71 3098 74 3103 .
153 3057 258 3140 igitur
283 3071 331 3113 ms
357 3069 468 3118 vocare
499 3047 598 3112 boni
622 3047 728 3131 fillum
756 3048 877 3130 dicito,
907 3073 997 3137 quem
1027 3055 1090 3124 bo·

153 3188 248 3239 num
272 3167 475 3257 progenitoris
500 3166 687 3232 consimilem
712 3167 844 3233 sititae
862 3170 1006 3251 ratione,
1029 3188 1094 3271 ot,

92 3278 96 3284 ⁴
152 3284 236 3375 quod
254 3287 356 3373 ipsum
379 3297 422 3347 cst
438 3285 475 3346 in
489 3278 603 3346 inundo
622 3280 817 3367 intelligibili
838 3279 884 3347 at
898 3282 1089 3353 intellectum
1129 3340 1132 3345 .

153 3419 184 3468 et
219 3400 457 3486 intelligibilia,
499 3396 537 3467 id
565 3398 621 3464 ille
649 3403 692 3465 stt
719 3401 755 3463 in
784 3400 944 3486 spectabili
974 3403 1088 3473 munta

153 3514 316 3581 adnisum
336 3527 368 3576 ct
392 3512 587 3599 spectabilia.
624 3550 669 3565 -
700 3512 775 3599 Quo
801 3515 923 3597 pacto?
963 3520 1087 3602 planius

152 3632 186 3699 id
211 3628 344 3714 explica.
375 3660 422 3679 -
452 3625 570 3712 Oculi,
600 3646 637 3696 ut
665 3629 807 3711 novisti,
845 3630 900 3698 ubi
929 3635 1002 3716 quis
1029 3654 1087 3705 eos

153 3767 219 3819 non
247 3746 286 3814 ad
316 3763 352 3813 sn
380 3745 595 3830 converterit,
637 3766 772 3832 quorum
811 3750 935 3816 colores
975 3752 1088 3836 diurns

153 3868 209 3955 iux
235 3863 393 3945 illustrat,
424 3861 481 3930 sed
501 3861 541 3930 ad
560 3861 636 3946 illu,
667 3864 785 3950 quibus
807 3866 908 3937 affuso
930 3870 1018 3949 nocti
1031 3871 1088 3952 ‚si-

154 3982 237 4050 milis
257 3982 314 4050 lux
336 3996 410 4064 est,
431 3978 616 4051 coecutiunt
639 4001 677 4051 uc-
704 3984 792 4055 coeci
808 3984 874 4056 iere
890 4004 962 4061 esse
979 3987 1088 4070 uidem

929 4142 933 4151 ·
1011 4119 1086 4188 tur,
