2896 5168
752 487 940 552 ,132-

391 650 556 717 disserendi
576 653 686 716 laeum.
731 649 781 711 De
807 651 917 731 optino
943 663 1045 712 autem
1067 659 1153 712 stain
1172 646 1311 730 equidem

389 766 577 831 arbitrabar
603 787 649 829 me
669 768 747 830 satis
766 762 950 849 respondisse
971 761 1016 828 ad
1032 762 1087 843 id,
1118 761 1200 846 quod
1217 784 1311 847 quae-

388 885 486 948 sierat
516 883 656 947 Laelius.
700 880 843 944 Primum
873 881 952 942 enirn
980 898 1105 942 numero
1129 874 1309 958 definieram

386 1019 503 1083 genera
522 1002 687 1064 ciuitatum
702 1002 770 1061 tria
787 995 989 1082 probabilia;
1013 996 1185 1080 perniciosa
1206 1007 1309 1057 autem

388 1113 490 1177 tribus
518 1115 582 1179 illis
613 1111 736 1178 totidem
764 1112 954 1175 contraria:
997 1110 1177 1194 nullumque
1205 1129 1245 1174 er
1270 1113 1311 1174 iis

390 1249 485 1293 unum
500 1250 561 1294 esse
576 1233 744 1316 optimum,-
765 1226 819 1291 sed
830 1225 866 1289 id
875 1241 1042 1311 praestare
1057 1227 1209 1310 singulis,
1230 1225 1315 1310 qnod

389 1366 405 1408 e
436 1345 538 1409 tribus
560 1347 672 1430 primis
696 1359 771 1410 esset
805 1341 916 1407 modice
946 1356 1163 1427 temperatum.
1214 1340 1313 1423 Quod

388 1474 492 1525 autem
508 1462 644 1544 exempla
662 1475 785 1524 nostrae
800 1461 940 1524 ciuitatis
958 1479 1031 1522 usses
1053 1469 1141 1536 suns,
1173 1478 1233 1522 non
1264 1456 1312 1522 ad

388 1573 590 1656 definiendum
617 1579 763 1665 optimum
799 1590 914 1640 statum
943 1575 1067 1641 ualuit:
1095 1594 1167 1638 narn
1189 1573 1225 1639 id
1236 1572 1312 1656 fieri

383 1696 488 1778 potuis
516 1695 581 1757 sine
612 1693 768 1775 exemplo,·
809 1689 862 1756 sed
887 1705 923 1754 us
951 1693 987 1753 in
1013 1693 1142 1755 ciuitate
1168 1692 1310 1755 maximi

387 1826 494 1896 reapse
511 1823 715 1888 cerneretur,
746 1807 839 1892 quale
868 1821 942 1871 esset
962 1803 1015 1884 id,
1037 1804 1120 1891 quod
1134 1811 1218 1871 ratio
1236 1826 1310 1870 ara·

386 1929 488 2009 tioque
516 1923 713 1990 describeret.
777 1922 834 1985 Sin
865 1936 968 1986 autem
993 1924 1059 1986 sine
1085 1921 1179 1986 ullius
1203 1923 1310 2008 populi
1338 2006 1343 2015 ι

390 2042 522 2124 exemplo
546 2061 643 2123 genus
668 2044 766 2124 ipsum
795 2041 936 2123 exquiris
963 2039 1069 2122 optimi
1087 2051 1209 2116 status,
1242 2060 1307 2103 na·

388 2172 507 2220 turae
526 2158 705 2238 imagine
726 2154 871 2219 utendum
892 2170 936 2220 ess
956 2152 1039 2218 nobis
1059 2151 1113 2224 (¹).
1155 2153 1230 2239 Quo
1254 2172 1310 2235 pe·

387 2287 456 2348 tet,
488 2271 693 2351 Ciceronem,
727 2269 845 2334 etiamsi
875 2272 1004 2352 proprie
1030 2288 1093 2335 non
1115 2272 1153 2336 ad
1169 2270 1306 2336 Platonis

387 2388 559 2468 exemplum
573 2386 726 2451 civitatem
747 2384 896 2466 finxerit,
918 2400 1020 2451 tamen
1040 2385 1205 2451 informare
1223 2387 1309 2470 inge·

331 2548 333 2553 -
387 2501 442 2567 nio
475 2520 536 2565 rem
569 2500 722 2584 publicam
744 2501 924 2582 studuisse3
957 2522 1124 2585 usurpasse
1145 2520 1245 2569 autem
1262 2505 1311 2567 ci·

388 2618 513 2684 uitatem
533 2620 728 2698 Romanam,
762 2638 825 2699 quo
855 2619 957 2700 aptius
982 2620 1024 2683 ita
1043 2635 1178 2685 naturae
1194 2624 1309 2706 insagi-

385 2754 451 2797 nem
473 2734 668 2815 exprimeret.
712 2736 878 2818 Deperdita
907 2750 983 2801 sunt
1011 2738 1105 2815 loca,
1135 2736 1251 2818 quibus
1275 2738 1307 2803 id

385 2850 541 2933 peregisse
570 2850 715 2932 videtur3
750 2852 781 2915 in
812 2851 963 2933 proximis
993 2867 1095 2917 autern
1113 2867 1308 2936 supersunt,

386 2985 403 3030 e
421 2967 558 3048 quibus,
574 2969 649 3047 quid
667 2968 697 3032 in
721 2984 857 3031 naturae
874 2968 925 3032 illi
945 2970 1081 3051 imagine
1099 2970 1306 3050 spectaverit.

385 3082 588 3170 conficiamus
610 3081 665 3149 (2).
720 3081 756 3147 In
783 3084 832 3147 his
863 3085 964 3148 elucet
992 3083 1122 3177 maxime
1149 3084 1238 3148 locus
1269 3088 1307 3151 de

1240 3203 1308 3284 jus-

418 3337 460 3404 (ι)
479 3335 539 3389 cic.
556 3337 668 3402 deRep.
686 3333 780 3403 11.59.
815 3335 858 3404 (α)
875 3333 1056 3402 RecioMrjus
1075 3334 1109 3384 ad
1125 3335 1199 3388 rui:
1216 3355 1305 3387 sermo

382 3432 495 3504 Messeis
514 3435 547 3485 de
558 3442 682 3494 natura,
701 3451 771 3502 quae
781 3435 997 3485 moderationem
1003 3434 1198 3504 iustitiamque
1207 3437 1308 3488 suadet

381 3541 410 3583 at
425 3541 527 3582 servat.
548 3563 582 3573 -
616 3529 733 3581 Videtur
754 3531 821 3582 mihi
841 3539 927 3582 autem
943 3531 1041 3583 Cicero
1059 3531 1103 3585 hic
1124 3532 1185 3585 dats
1202 3544 1301 3601 operi,

381 3627 414 3678 ed
433 3627 552 3680 Platonis
568 3629 715 3695 exemplum
733 3662 743 3688 ,
761 3629 795 3679 de
811 3631 979 3697 prudentia,
990 3633 1178 3702 fortitudine,
1198 3644 1305 3705 tempe.

383 3730 480 3778 tantia
496 3745 526 3778 uc
536 3729 655 3792 jsssiiria
667 3727 764 3795 egisse:
787 3744 859 3788 non.
879 3735 908 3779 ut
928 3729 957 3779 in
978 3730 1078 3795 optima
1098 3732 1206 3783 civitate
1226 3733 1303 3798 opti.

380 3840 451 3875 mum
471 3823 603 3876 hominem
625 3824 799 3891 exploraret,
831 3826 878 3878 sed
899 3827 1045 3879 secundum
1066 3827 1110 3890 id,
1141 3830 1215 3896 quod
1231 3831 1302 3881 dixit

381 3924 568 3988 supra1.3r.:
599 3924 669 3975 tals's
694 3932 736 3976 esi
757 3942 880 3995 quaeque
903 3943 948 3980 rae
962 3927 1096 3994 publica,
1124 3928 1221 3996 qualis
1244 3931 1303 3990 ejus

1255 4037 1305 4077 aui
