2896 5168
614 453 809 502 -lno-

251 621 318 703 gem
341 633 495 702 praeterea
522 634 592 680 tneo
620 614 745 680 nomine
773 614 891 695 conde,
915 634 977 698 quc
995 612 1176 696 quicunque

250 734 379 817 pudoris
408 749 444 797 ac
471 732 611 815 justitiae
637 732 765 816 omnino
792 746 839 795 est
867 747 995 814 erpere,
1019 745 1175 812 tamquam

252 865 356 935 pestes
376 847 511 916 civitatis
525 846 646 912 ultimo
667 847 825 929 supplicio
847 845 1031 912 afficiatur.”
1044 844 1085 914 (¹)
1130 847 1180 914 Si·

253 966 368 1032 militer
397 966 429 1030 in
457 965 610 1050 Symposio
631 965 768 1029 Platonis
791 962 918 1044 politica
948 968 1119 1050 σωφροσύνῃ
1147 980 1178 1029 et
1250 1017 1253 1023 .
1312 969 1315 973 ’

254 1085 418 1165 murram„
453 1096 595 1145 constare
627 1079 806 1146 dicituro)
872 1079 965 1146 Unde
997 1081 1029 1146 in
1071 1080 1181 1166 primia

257 1213 363 1280 patet,
388 1197 473 1279 quod
503 1215 599 1278 supra
629 1197 826 1275 monuimus,
847 1197 1051 1262 arctissimum
1082 1195 1181 1263 fuisse

255 1318 339 1398 apud
366 1332 486 1379 veteres
509 1312 655 1394 politicae
680 1331 751 1378 cum
779 1314 880 1380 ethica
909 1311 1180 1381 necessitudinem.

258 1431 426 1517 Separatim
464 1429 608 1511 deinceps
644 1443 797 1510 utraque,
833 1429 872 1494 ad
900 1429 1063 1510 utriusque
1090 1429 1184 1494 detri-

259 1565 418 1627 mentum,
448 1545 572 1611 tractari
602 1562 713 1627 coepta
743 1561 810 1626 est,
842 1560 968 1611 anctore
985 1545 1180 1627 potissimum

260 1664 441 1730 Aristotele.
483 1663 563 1729 Natn
586 1661 617 1727 vi
638 1665 696 1728 sui
717 1660 866 1727 destituta
885 1661 985 1726 ethica
1003 1678 1069 1743 est,
1092 1681 1182 1745 quam

261 1798 349 1846 antea
379 1780 548 1860 habuerat,
571 1762 607 1843 ut
638 1778 793 1844 hominem
821 1795 886 1843 non
915 1780 1018 1845 sotum
1047 1779 1085 1844 ad
1106 1779 1187 1844 vitae

261 1913 376 1971 usum,
416 1893 587 1959 sedetiam
615 1895 654 1959 ad
684 1912 732 1956 rea
760 1891 894 1958 ciuitatis
928 1910 1011 1959 recte
1042 1895 1187 1959 adminis-

262 2011 382 2074 trandas
406 2010 592 2089 instrucrct;
623 2008 750 2090 politica
780 2026 877 2086 veto,
908 2028 1004 2089 quum
1030 2009 1186 2075 uberrimo

260 2126 317 2191 iiio
338 2123 425 2189 fonte
446 2141 586 2204 careret,
609 2125 691 2188 unde
712 2124 828 2200 officia,
853 2124 1003 2202 virtutes,
1024 2144 1188 2208 veramque

262 2243 421 2307 hominum
450 2240 625 2306 felicitatem
654 2242 803 2316 duceret,
846 2243 909 2305 uni
940 2241 1092 2307 contineri
1122 2262 1189 2328 reg·

263 2359 355 2423 nandi
379 2374 442 2422 arte
464 2363 581 2438 coepit.
625 2356 717 2422 Unde
742 2356 803 2422 dici
837 2374 900 2422 non
927 2373 1052 2440 potest,
1076 2376 1190 2442 quantu

262 2494 421 2557 quamque
456 2476 576 2559 gravia·
595 2474 672 2536 mala
698 2472 729 2537 in
763 2473 923 2538 homiuum
952 2491 1049 2557 genus
1079 2477 1191 2542 redun-

266 2592 418 2656 daverint.
471 2594 549 2656 n'am
575 2588 689 2653 factum
714 2589 755 2653 ita
775 2605 846 2669 est,
862 2605 926 2670 ut,
949 2593 1035 2659 nulii
1065 2593 1190 2660 virtutis

268 2706 469 2789 justitiaeque
502 2705 620 2770 ratione
654 2706 781 2784 habiti,
822 2704 925 2771 civilis
957 2711 1120 2790 prudentia
1154 2716 1193 2779 ad

270 2823 460 2905 regnantium
485 2841 624 2886 caussam
646 2824 788 2888 tuendam
810 2838 877 2888 tota
895 2825 1079 2908 referretur,
1103 2830 1193 2895 illud·

270 2958 331 3016 quc
350 2939 512 3004 Etheociis
533 2940 616 3022 apud
637 2939 818 3022 Euripidem
841 2945 873 3005 in
895 2960 960 3006 eam
984 2950 1196 3023 accommoda·

165 3142 169 3151 Ι
274 3072 376 3119 retur:

349 3177 434 3246 Ε’ίπερ
452 3179 506 3247 νῖιρ
525 3174 632 3233 ῖιδιιιεῖν
654 3181 725 3248 χρῆ,
753 3176 912 3248 τυραννίδος
930 3177 992 3248 πέρι

351 3274 502 3338 Κύλλιςον
519 3269 636 3329 bituria·
657 3273 761 3328 τᾶλλα
778 3267 806 3329 δ’
818 3271 945 3343 εὐσεβεῖν
964 3276 1061 3348 xinde.
1077 3285 1119 3353 (ὅ)

1165 3405 1200 3451 n-

311 3491 351 3555 (ι)
371 3492 490 3556 Protug.
505 3487 564 3541 δυ.
584 3474 684 3539 u-l').
719 3489 762 3539 (Ii⁴
782 3487 892 3552 mer,
911 3490 981 3561 disp.
1002 3496 1034 3548 de
1053 3386 1200 3569 Protago-

277 3600 325 3638 ’ω
341 3578 418 3648 ‘'Fu“
433 3575 638 3644 P²⁰‘·s⁰⁶¹¹²‘⁸·
673 3578 713 3642 (²)
737 3579 831 3648 Syma·
852 3596 951 3650 mon·
969 3588 1002 3635 a.
1043 3584 1084 3652 (5)
1102 3584 1197 3638 enoc.

277 3673 343 3726 nias.
362 3683 400 3716 νι.
411 3663 470 3732 ⁵²7·
507 3661 599 3713 Vertit
615 3662 731 3714 Ciccrnr

392 3756 466 3806 Num
482 3753 510 3802 ai
526 3751 685 3803 violandum
700 3765 742 3805 aar
757 3755 822 3819 jue,
851 3760 987 3827 regnandi
1001 3760 1098 3826 gratia

398 3827 425 3878 V
424 3824 566 3877 dotandum
580 3835 638 3875 eri:
673 3828 739 3878 ulir'c
755 3829 835 3882 reduc
847 3832 984 3900 pietatem
1000 3831 1083 3882 colai.

276 3929 310 3983 do
322 3924 374 3992 Off.
393 3920 448 3974 111.
460 3936 503 3973 at.
554 3921 721 3989 frequenter
738 3927 883 3996 naurpabai
899 3927 968 3979 iilud
986 3927 1012 3980 J,
1024 3927 1143 3999 catur,
1168 3945 1198 3997 at

280 4018 408 4072 memorat
426 4008 538 4063 suetan.
556 4015 584 4065 in
602 4012 666 4067 rita.
