2896 5168
701 352 948 462 ⁹·-16a-

393 528 482 611 sed,
503 527 580 611 quid
608 529 978 600 serasibustribuendurn
1008 545 1116 616 esset,
1149 539 1243 620 quid·
1257 554 1324 608 non

391 647 618 726 tribuendum,
639 646 718 729 quid
738 644 866 728 opinio,
888 646 965 728 quid
991 647 1143 733 scientia,
1166 655 1243 738 quid
1271 666 1326 732 τοῦ

313 742 317 748 ’
394 765 474 840 ὄντος
498 763 625 832 scientia
647 774 754 842 esset,
776 779 834 828 nec
861 764 1082 849 Parmenides,
1108 781 1145 833 ut
1172 770 1326 855 uidetur,

396 897 455 948 noe
476 881 560 947 ullus
587 877 799 945 Eleaticorutn
829 880 903 950 datd
933 887 1032 966 operi
1050 899 1083 951 et
1101 884 1260 954 dialectici
1280 907 1329 954 ra·

395 997 484 1063 done
502 1006 702 1076 exposuerat.
745 995 784 1062 Id
808 997 904 1081 igitur
922 997 1000 1066 fecit
1016 1003 1131 1084 Plato,
1153 1017 1185 1070 et
1207 1022 1272 1084 quo
1294 1004 1327 1070 id

395 1111 490 1185 modo
520 1107 655 1193 fecerit,
683 1130 756 1178 cum
782 1132 822 1182 ex
851 1115 908 1182 hac
929 1096 1017 1199 ejus,
1041 1138 1133 1200 quam
1164 1121 1331 1207 descripsi·

395 1243 489 1305 ntus,
510 1224 543 1289 in
564 1224 741 1294 Theaeteto
766 1229 998 1311 disputatione,
1021 1245 1089 1298 turn
1108 1251 1148 1311 ex
1168 1234 1208 1301 iis
1221 1282 1234 1322 ,
1248 1255 1331 1320 quae

396 1339 462 1415 iliis
479 1342 622 1430 proxime
642 1356 904 1424 consequuntur,
924 1342 1047 1415 efficere
1065 1345 1152 1410 licet.

569 1570 710 1686 'Quid
737 1601 934 1670 sensibus
968 1604 1137 1671 tribuit

341 1751 364 1798 ς
401 1720 550 1786 Plato?
586 1719 687 1807 quid
715 1717 981 1785 tribuendum
1016 1741 1099 1788 esso
1127 1725 1333 1807 negarit?

446 1935 522 2004 Non
552 1937 662 2006 leviter
693 1936 807 2017 Plato,
844 1935 922 2018 quid
963 1935 1110 2005 sensibus
1148 1939 1336 2024 debeamus,

402 2056 481 2140 quid
524 2073 590 2121 non
631 2054 829 2134 debeamus,
873 2053 1052 2136 inquisivit.
1113 2053 1187 2124 Huc
1233 2064 1343 2124 autem·

404 2173 537 2240 maxime
565 2175 636 2258 ejus
670 2170 825 2238 sententia
854 2172 956 2244 redit:
989 2171 1069 2238 affici
1096 2191 1154 2255 pet
1183 2192 1240 2241 eos
1272 2176 1339 2243 ani·

404 2310 489 2359 tuum
510 2289 605 2356 rebus
623 2288 783 2370 externis,
805 2289 944 2371 indeque
962 2289 1032 2374 ejus
1052 2295 1222 2376 παθήματι
1244 2311 1338 2374 quae·

405 2411 477 2476 dnm
501 2408 675 2487 exsistere3
707 2425 777 2472 esse
807 2421 911 2473 autem
940 2409 1016 2474 haec
1044 2415 1214 2495 radimo
1237 2413 1341 2478 scien·

289 2511 294 2519 ’
405 2528 466 2592 tiae
493 2526 620 2605 quidem
651 2522 815 2602 expertia,
848 2537 879 2587 at
921 2526 1094 2591 necessaria
1132 2540 1257 2609 tamen,
1304 2542 1340 2593 ut

316 2677 319 2682 -
408 2656 497 2704 mens
530 2638 568 2707 iis
608 2635 753 2702 adhibeat
789 2637 971 2720 deinceps,
1005 2661 1086 2722 quae
1115 2642 1183 2725 ipsa
1217 2663 1275 2727 per
1305 2663 1340 2714 se

406 2752 572 2837 percepit,
594 2751 617 2815 i.
636 2768 667 2814 e.
696 2755 739 2820 sai
760 2759 875 2831 νοητὰ,
904 2760 946 2824 rai
974 2758 1056 2826 dare.
1100 2755 1136 2821 Id
1160 2776 1342 2841 comparan-

408 2868 460 2938 do,
481 2865 616 2931 subinde
645 2863 800 2947 illustrat,
835 2868 928 2935 utin
953 2871 1062 2937 eodem
1094 2872 1156 2939 hoc
1182 2874 1344 2944 Theaete-

406 2999 466 3065 to,
491 2984 548 3050 ubi
574 2983 741 3068 opiniones
770 2985 908 3066 exquirit
933 3005 1025 3054 veras
1056 3003 1088 3055 et
1122 2989 1231 3059 falsas.
1268 2994 1341 3083 ce·

407 3122 462 3172 tae
479 3102 606 3170 confert
624 3101 785 3186 animum,
806 3121 887 3185 quae
905 3104 1030 3172 aliunde
1050 3106 1159 3191 signa,
1181 3127 1263 3191 quae
1282 3108 1345 3193 ipsi

409 3222 653 3306 imprimuntur,
679 3219 806 3302 accipit.
850 3221 903 3286 Sic
921 3221 1058 3286 animum
1086 3223 1130 3289 ait
1155 3243 1212 3308 per
1230 3244 1344 3298 sensus

411 3359 514 3406 rerum
536 3353 735 3403 externarum
757 3335 828 3402 sive
848 3336 938 3421 signa
959 3336 1027 3403 sive
1046 3335 1164 3403 fortnas
1183 3340 1251 3405 sive
1271 3341 1347 3407 ima·

412 3456 501 3545 gines
528 3453 702 3534 suscipere.
758 3453 820 3519 Sed
843 3451 1039 3536 'comparatio
1079 3468 1243 3539 tantopere
1280 3457 1345 3541 ipsi

410 3569 524 3644 mentis
553 3582 683 3635 naturae
709 3583 742 3634 et
770 3567 965 3642 conditioni.
997 3589 1090 3653 quarn
1117 3571 1243 3656 linguae
1264 3573 1347 3641 refe·

410 3699 510 3764 runt,
531 3683 705 3766 convenit,
728 3697 764 3752 ut
798 3698 866 3751 tota
894 3685 955 3750 hoc
984 3688 1057 3752 loco
1091 3690 1277 3772 apponenda
1300 3689 1349 3756 vi·

410 3773 533 3866 deutur.
576 3797 675 3884 Finge
693 3796 796 3881 mihi,
819 3797 862 3865 ait
885 3799 1057 3884 Socrates,
1077 3803 1123 3867 rei
1150 3805 1349 3872 declarandae

410 3893 547 3999 causae,
567 3920 600 3988 ἐν
620 3927 688 3997 raia
716 3926 835 4005 daunais
868 3922 949 4005 dunis
980 3915 1014 3992 ἓν
1043 3915 1153 4007 attip'uou
1172 3927 1348 4011 ἐκμαγεῖον·

1306 4066 1349 4126 ru
