2896 5168
531 473 727 536 -„0...

170 633 234 697 vita
263 634 477 715 perpurgavit.
528 634 592 698 Sed
620 632 724 713 idem,
752 631 780 695 si
812 630 889 713 quid
916 633 1041 699 deesse
1069 637 1106 705 in

169 746 316 825 Politia,
337 766 402 827 quo
420 747 541 831 justitia
562 747 855 826 commendaretur,
886 746 919 810 is
941 748 992 815 his
1012 769 1108 817 enar.

170 863 274 929 randis
300 865 439 928 Socratis
459 864 659 930 sermonibus
679 862 825 948 perfecit.
875 863 984 948 lpsum
1004 869 1107 936 nobis

170 981 328 1047 Socratem
349 984 381 1045 in
403 981 465 1045 hoe
486 984 622 1047 dramate
642 982 688 1046 sic
708 981 901 1064 proposuit,
924 999 960 1047 ut
977 1003 1111 1052 eernere

171 1098 204 1163 iu
222 1118 262 1162 eo
280 1101 399 1181 justum
422 1098 534 1178 illum,
564 1100 760 1179 eundemque
784 1097 982 1180 sapientem,
1008 1120 1110 1180 quem

171 1217 206 1281 in
229 1215 352 1279 Polirid
371 1211 615 1290 informaverat,
641 1216 811 1282 videamur.
861 1215 1029 1297 Expressit
1054 1219 1112 1285 luc

170 1333 327 1413 imagine,
355 1332 442 1410 quod
467 1331 530 1397 illic
556 1332 651 1399 nobis
668 1332 870 1414 disquirendo
890 1333 1116 1401 demonstran·

171 1451 277 1529 doque
301 1447 484 1530 persuadere
509 1464 643 1512 conatus
670 1447 783 1513 fuerat.
826 1446 914 1531 Quid
937 1449 1041 1513 dicam
1069 1451 1113 1516 de

171 1565 309 1632 Socratis
331 1564 363 1627 in
382 1563 488 1628 iisdem
510 1567 708 1630 sermonibus
725 1565 890 1646 oratioue,
909 1565 966 1631 obi
983 1568 1024 1632 de
1042 1568 1116 1634 ani-

81 1717 84 1720 ·
172 1683 217 1750 mi
235 1700 310 1766 prae
326 1699 461 1764 corpore
480 1679 689 1764 praestantii,
722 1685 762 1748 de
781 1683 889 1749 disinal
908 1686 979 1768 ejus
994 1692 1116 1755 natutl

172 1819 209 1866 ac
229 1799 286 1876 vi,
305 1799 344 1863 de
363 1797 476 1863 officiis
496 1799 678 1883 philosophi
699 1801 772 1866 ltine
792 1800 897 1866 ductis
914 1820 950 1866 ae
972 1802 1014 1868 de
1031 1803 1117 1887 ipsi·

173 1936 213 1983 us
243 1915 464 1999 philosophiae
493 1917 597 1982 officio
627 1939 662 1984 ac
693 1918 824 1983 sublimi
858 1917 921 1983 line
950 1920 1114 1993 disserit?

170 2034 285 2101 Divina
306 2034 380 2096 haec
404 2032 507 2098 oratio
529 2050 601 2113 est,
628 2052 661 2101 et
680 2053 846 2117 postquam
873 2036 967 2102 finem
987 2039 1044 2105 ille
1063 2042 1117 2109 di·

172 2148 263 2215 cendi
282 2146 419 2225 fecerat,
450 2164 554 2214 ortum
572 2153 689 2219 dicitur
706 2154 907 2235 perlongum
928 2170 1057 2241 tempus
1077 2162 1116 2227 lu

171 2286 294 2333 carcere
319 2263 502 2345 silentium,
537 2284 572 2332 ut
602 2270 656 2351 qui
683 2271 865 2335 audiverant
882 2276 1036 2342 commoti
1055 2299 1118 2361 pe·
1185 2246 1189 2255 Ι

173 2388 261 2452 nitus
281 2403 316 2452 ac
342 2381 440 2447 ferme
461 2387 598 2466 perculsi
621 2402 739 2453 essent.
758 2386 802 2456 (¹)
845 2388 919 2453 Nos
939 2410 1039 2469 sane,
1058 2394 1115 2462 his

174 2504 287 2582 lectis,
316 2517 382 2567 non
407 2518 578 2580 possumus
604 2523 670 2570 non
697 2503 812 2584 fateri,
837 2506 869 2571 iu
894 2507 957 2572 hoc
981 2510 1114 2581 dentum

175 2622 300 2703 dialogo
324 2619 507 2699 Platonem,
531 2621 670 2687 noudum
689 2639 765 2687 sero
788 2621 821 2688 io
840 2621 981 2707 Portet,
1001 2626 1114 2709 philo·

173 2739 316 2824 sophiam
348 2733 425 2819 justi
455 2739 586 2821 ejusque
615 2739 787 2804 ubertatem
817 2758 852 2804 ae
880 2741 1112 2814 sublimitatem

174 2856 366 2942 expressisse
395 2852 499 2934 plane.
543 2858 604 2921 Sed
630 2854 705 2936 quis
729 2872 887 2937 praeterer
915 2857 948 2922 in
978 2860 1113 2942 scriptis

174 2977 312 3045 Platonis
333 2971 476 3053 dialogus
497 2992 569 3052 est,
592 2993 657 3054 quo
676 2988 737 3037 tam
756 2990 845 3053 apte,
864 2975 1112 3055 quamiuhocce

175 3093 275 3174 feeit,
304 3091 500 3173 Pythagorae
529 3090 743 3173 placitatum
774 3090 934 3159 Socratice
963 3093 1113 3175 philoso-

176 3211 253 3295 phil
276 3205 502 3289 conjunxerit?
545 3205 629 3272 Hinc
647 3221 750 3271 autem
770 3206 928 3289 inprimis
946 3211 1113 3280 doctrinae

174 3329 350 3397 Platonicae
368 3319 546 3388 sublimitas
569 3324 708 3389 ducenda
725 3322 861 3389 videtur.
902 3324 940 3391 Iu
960 3323 1113 3396 Phaedro

173 3461 296 3513 exstant
327 3440 533 3520 Pythagorica
562 3443 681 3520 multa,
712 3440 768 3503 sed
799 3442 918 3523 poetica
947 3460 1024 3507 sunt
1055 3445 1113 3511 illa
1153 3458 1157 3463 ·

174 3562 260 3643 sere,
295 3574 375 3640 quae
407 3555 559 3636 primum,
588 3571 624 3620 ut
644 3575 699 3635 par
718 3570 790 3635 est,
811 3572 842 3620 et
857 3557 990 3641 juvenili
1010 3576 1114 3627 aetate

175 3682 343 3746 admiratus
373 3673 461 3740 Plato
491 3690 558 3737 ast:
589 3686 655 3735 tuor
680 3672 811 3755 copiose
830 3672 893 3738 illie
916 3676 956 3739 de
976 3674 1113 3757 pristina

175 3797 348 3864 animorum
371 3790 436 3855 viti
460 3790 547 3871 agit,
569 3788 704 3856 futurum
731 3792 800 3874 ejus
819 3793 1033 3860 conditionem
1053 3795 1112 3863 vix

1061 3927 1113 3978 {t-

213 4070 255 4138 (ι)
275 4065 422 4117 erasos.
439 4061 528 4115 uhu.
595 4110 599 4117 .
