2896 5168
629 460 804 561 .-⁷⁶·'

252 644 317 714 bus
336 644 497 727 laborant,
527 645 725 714 calamitates.
775 644 872 729 Finge
896 644 1049 729 populum
1076 643 1110 712 in
1133 645 1180 713 cl-

254 762 404 829 vitatibus
436 763 551 829 nostris
578 761 793 845 gubernatoris
823 761 941 842 instar,
963 767 1018 844 qul
1035 761 1077 827 sit
1095 779 1180 845 mag·

254 879 395 946 mitudine
420 893 451 944 et
476 880 588 945 robore
608 879 750 960 corporis
778 879 999 976 praecaeteris
1017 878 1178 958 eminens,

254 995 429 1061 subsurdus
457 1013 531 1061 vero
563 1006 594 1060 et
626 995 725 1060 oculis
756 995 899 1060 hebetior
923 1013 979 1061 nec
1006 1009 1108 1062 mente
1139 995 1180 1062 ad

256 1129 305 1177 res
335 1112 472 1179 nauticas
510 1112 739 1195 cognoscendas
777 1110 903 1177 meliora
943 1128 1052 1178 nautas
1075 1125 1178 1180 autem

255 1228 336 1294 inter
364 1247 399 1293 se
420 1229 459 1293 de
480 1228 701 1308 gubernatione
719 1241 899 1308 certantes,
920 1246 1053 1308 quorum
1081 1247 1179 1295 unua

255 1344 390 1432 quisque
422 1360 533 1426 putet,
563 1363 596 1408 se
630 1343 753 1424 dignum
786 1343 917 1425 imperio
947 1361 1039 1426 esse,
1070 1363 1179 1426 quam·

255 1478 348 1540 quam
376 1477 433 1524 nec
460 1474 555 1524 artem
582 1459 720 1525 didicerit
739 1475 884 1543 unquam
912 1477 968 1524 nec
995 1476 1177 1543 praecepto·

254 1595 317 1642 rem
345 1575 508 1641 ostendere
542 1575 666 1658 possit,
697 1593 754 1640 nec
779 1589 901 1657 tempus
924 1595 988 1658 quo
1009 1576 1176 1657 didicerit,

252 1691 334 1759 dicat
358 1694 456 1772 adeo,
488 1691 566 1756 disci
593 1708 688 1756 artem
719 1710 783 1756 noo
815 1711 933 1775 posse,
966 1694 1083 1776 quique
1115 1695 1177 1760 hoc

250 1809 416 1889 statuerit,
443 1808 528 1874 ferro
561 1807 768 1891 aggrediatur:
801 1810 877 1874 tales
906 1809 987 1893 finge
1008 1824 1117 1876 nautas
1136 1811 1176 1878 ad

250 1924 485 2007 gubernatorem
506 1924 591 1987 illum
614 1923 794 2004 confluere,
816 1925 978 1990 obsecrare
999 1925 1184 2009 obnixeque·

250 2041 460 2119 contendere,
491 2055 526 2104 ut
554 2037 632 2120 ipsis
658 2040 866 2121 gubernacula
889 2043 1009 2108 tradat:
1039 2043 1176 2110 subinde

251 2157 350 2236 adeo,
375 2156 427 2220 ubi
447 2174 511 2220 non
531 2155 737 2238 persuaserint
757 2155 839 2238 ipsi,
861 2157 918 2221 sed
934 2156 1008 2238 alii,
1029 2156 1089 2223 hos
1103 2156 1175 2223 illos

252 2273 302 2336 vel
323 2271 493 2355 perimere,
524 2274 573 2337 vel
601 2289 618 2337 e
642 2272 716 2337 navi
742 2273 871 2356 ejicere,
900 2292 936 2338 ac
957 2288 1175 2356 postremum,

253 2389 340 2454 bono
371 2389 426 2453 illo
449 2388 537 2454 navis
563 2387 701 2471 principe
730 2406 785 2470 per
805 2390 1033 2472 mandragoram
1054 2391 1104 2455 vel
1130 2389 1179 2456 vi·

252 2525 325 2572 num
348 2520 501 2587 occupato
524 2506 715 2585 vinctoque,
747 2503 1001 2588 gubernationem
1023 2506 1111 2573 naris
1133 2525 1181 2572 ar·

240 2621 374 2705 «ripere,
414 2622 626 2703 praesentibus
665 2622 756 2687 rebus
794 2621 863 2702 uti,
900 2622 976 2686 vino
1016 2635 1047 2687 et
1078 2622 1178 2706 epulis
1229 2630 1233 2638 ’

253 2738 413 2823 indulgere
439 2755 532 2821 atque
560 2739 601 2803 ita
628 2738 819 2821 gubernare,
853 2751 887 2801 ut
915 2738 1093 2821 hujusmodi
1118 2738 1177 2804 ho·

254 2858 352 2921 mines
382 2857 631 2941 gubernaturus,
660 2855 838 2919 verosimile
865 2868 932 2920 est:
964 2872 1070 2920 omnes
1091 2874 1179 2938 prae·

252 2986 334 3039 terea
363 2993 432 3038 eum
462 2975 607 3050 laudare,
641 2991 710 3037 eum
737 2986 860 3057 nautam
887 2985 918 3036 et
942 2970 1177 3054 gubernatorem

254 3107 387 3168 vocare,
418 3108 507 3168 eum,
539 3108 618 3167 qnae
649 3089 688 3153 ad
717 3106 826 3152 navem
853 3101 1017 3169 spectant,
1047 3089 1180 3168 callere,

254 3207 434 3287 quicunque
449 3207 500 3270 ‘ad
522 3205 610 3269 navis
633 3205 843 3285 usurpandum
869 3203 1096 3286 principatum,
1130 3196 1192 3271 vel'

255 3321 456 3405 persuasione
477 3322 527 3386 rel
548 3320 581 3385 vi
601 3319 748 3402 opitulari
775 3318 853 3400 ipsis
872 3319 996 3400 possit,
1029 3322 1083 3401 qui
1107 3337 1182 3385 vero
1272 3331 1279 3346 “

255 3437 288 3504 id
312 3456 376 3503 non
399 3437 523 3521 possit,
551 3450 704 3519 tamquam
727 3433 1180 3518 inutilemvituperareaverl

253 3569 355 3620 autem
392 3552 605 3636 gubernatoris
640 3551 774 3616 officium
807 3569 847 3614 ne
881 3551 1075 3632 suspicantes
1110 3552 1182 3635 qui·

176 3689 177 3693 ¹
257 3670 346 3748 dem,
378 3687 505 3760 necesse
535 3667 579 3733 illi
610 3686 697 3746 esse,
721 3682 756 3731 ut
780 3665 926 3731 rationem
954 3668 1062 3735 babeat
1086 3654 1181 3752 anni,

156 3869 157 3872 Ἴ
256 3800 493 3870 tempestatum,
509 3785 609 3862 coeli,
626 3796 799 3861 astrorum,
822 3799 1006 3864 ventorum,
1029 3787 1183 3852 omnium·

260 3919 344 3983 que,
366 3920 443 3983 quae
463 3901 502 3965 ad
522 3915 616 3965 artem
637 3899 810 3980 pertinent,
844 3901 871 3964 si
898 3901 1085 3984 gubernator
1107 3905 1179 3983 quis

260 4018 348 4083 navis
375 4037 409 4082 re
429 4035 502 4082 vera
521 4015 645 4082 futurus
665 4030 733 4082 est:
767 4030 803 4082 ut
821 4035 895 4082 vero
919 4016 1092 4099 gubernet,
1113 4025 1182 4085 sive

1129 4149 1186 4200 vo·
1214 4197 1216 4200 .
