2896 5168
636 522 826 573 ...ιω-

268 704 357 770 ouum
397 691 489 754 rnodo
518 686 738 762 condidimus,
768 681 943 748 ciuitatema
994 682 1131 747 invenies
1163 682 1198 749 in

184 782 190 794 ¹
265 808 316 872 iili
345 808 472 870 aiterum
498 808 624 885 e'otum3
669 802 753 867 dices
787 805 851 866 eam
879 815 962 864 recte
989 799 1137 882 appellari
1162 818 1200 867 oe

266 923 333 1004 ipsa
355 921 564 1004 superiorem,
587 919 614 986 si
644 919 788 1000 quidem,
810 918 836 984 ni
856 917 966 983 metim
987 916 1019 982 in
1041 935 1075 982 ea
1097 910 1199 1006 pejori

267 1039 415 1119 imperat,
448 1054 619 1119 temperans
646 1035 773 1100 dicenda
802 1049 849 1098 est
881 1049 911 1099 et
941 1052 975 1099 se
1007 1035 1074 1119 ipsa
1102 1053 1197 1119 snpe-

265 1154 339 1219 rior.
363 1184 406 1205 ι-
452 1154 522 1235 Ego
548 1171 624 1218 vero
651 1151 784 1234 respicio
808 1151 900 1217 iiiuc:
922 1156 957 1217 'ac
983 1170 1057 1217 vera
1083 1154 1196 1235 loque·
1236 1232 1239 1236 ¹

176 1324 179 1330 ,
265 1270 321 1334 tis.
339 1309 378 1323 -
403 1269 570 1337 Enimvero
591 1269 757 1334 vilissimas
778 1285 920 1348 quasque
943 1283 973 1332 et
993 1267 1111 1335 nullius
1130 1286 1196 1334 non

268 1386 388 1470 generis
407 1385 613 1469 cupiditates,
634 1388 813 1467 voluptates
832 1385 1019 1465 doloresque
1036 1384 1068 1448 in
1084 1384 1193 1467 -puerir

269 1497 342 1585 quis
366 1503 492 1568 maxime
512 1516 548 1566 et
567 1500 748 1567 mulieribus
770 1500 932 1581 servisque
953 1500 1103 1582 reperiet,
1124 1493 1192 1564 turn

264 1621 354 1685 etiam
386 1620 417 1684 in
446 1632 574 1699 eorum,
606 1616 659 1701 qui
686 1619 811 1702 ingenui
831 1616 1000 1695 dicuntur,
1028 1614 1192 1680 vilioribus

265 1730 516 1816 quibusque-(⁸1
538 1767 583 1785 -
616 1733 766 1799 Omnino.
789 1770 833 1786 -
863 1732 1131 1816 Simplices'vero
1159 1744 1192 1797 et

264 1852 455 1929 moderatae,
499 1868 579 1931 quae
605 1849 841 1915 ratiocinatione
870 1850 1001 1932 ipsaque
1030 1861 1133 1913 mente
1160 1858 1193 1914 et

188 1950 195 1960 ’
263 1979 345 2032 recta
370 1965 519 2048 opinione
551 1967 727 2046 ducuntur,¹
760 1967 792 2031 in
828 1965 934 2048 paucis
968 1983 1074 2031 eorum
1103 1982 1192 2048 repe·

262 2077 343 2162 tier,
375 2081 407 2145 in
434 2080 687 2161 inmurmurat,
711 2083 796 2163 uui,
817 2082 936 2164 optime
963 2082 1050 2163 nati,
1072 2083 1190 2165 optime
1212 2076 1215 2081 ’

263 2194 399 2260 instituti
442 2213 529 2263 sunt.
562 2232 606 2250 -
655 2199 739 2263 Vera
768 2200 843 2264 haee
873 2213 960 2265 sunt.
991 2216 1043 2252 --Ι
1074 2197 1208 2264 Nonne'

211 2290 215 2297 Δ
263 2310 337 2377 haec
363 2312 405 2378 ita
429 2331 471 2378 ae
493 2315 603 2379 habere
623 2317 654 2379 in
676 2315 799 2381 civitate
822 2320 930 2382 nostri
953 2314 1060 2397 viden,
1093 2314 1192 2399 impe·

262 2430 384 2510 rarique
411 2432 497 2516 vulgi
527 2448 559 2498 et
596 2434 703 2499 vilium
732 2433 894 2498 hominum
921 2433 1107 2515 cupiditates
1134 2451 1190 2497 cu·

263 2544 444 2626 pitiiratibnr
472 2568 506 2613 ac
529 2550 694 2633 prudentii
714 2562 891 2632 'paucorum
917 2551 1191 2631 modestorumque
1214 2616 1217 2621 ,

260 2660 426 2728 virorum?
453 2703 498 2718 -
539 2665 639 2731 Video
668 2667 822 2746 equidem.
849 2702 895 2719 -
937 2665 970 2732 st
1002 2684 1062 2747 qna
1091 2665 1188 2748 igitur

249 2776 367 2844 ⁴ciuitas
394 2783 552 2870 potentior
578 2786 619 2849 eit
646 2784 867 2865 cupiditatibus
891 2801 926 2847 ac
948 2783 1186 2864 voluptatibus,

256 2895 386 2976 ipsaque
410 2911 506 2962 semet
535 2898 624 2981 ipsi,
660 2899 734 2963 haec
763 2898 805 2963 ita
833 2898 1013 2981 appellanda
1040 2897 1113 2963 esti
1140 2934 1185 2952 -

256 3008 409 3077 Omnino.
441 3046 487 3064 -·
541 3014 658 3080 Nonne
694 3014 766 3078 irem
803 3029 933 3096 propter
972 3014 1045 3078 haec
1082 3014 1186 3079 omnia

258 3128 455 3207 temperans?
475 3164 522 3182 -
561 3129 714 3196 Maxime..
736 3159 783 3179 -
825 3131 868 3196 Et
889 3149 989 3211 vero,
1011 3130 1038 3194 si
1060 3131 1124 3197 uua
1153 3129 1186 3196 in

171 3292 178 3302 .
255 3240 315 3303 olii
344 3242 469 3306 ciuitate
499 3259 559 3308 tam
588 3244 786 3328 regentibus,
820 3265 911 3327 quam
935 3248 972 3312 iis
998 3246 1054 3330 qui
1075 3241 1187 3330 regun-

254 3368 327 3436 tur,
363 3361 465 3424 eadem
497 3360 605 3443 opinio
634 3362 736 3444 inest,
767 3362 883 3444 quibus
913 3361 1032 3429 deferre
1055 3364 1186 3447 potissi·

1100 3498 1185 3546 mum

287 3692 328 3759 (ι)
349 3685 453 3741 Graece
479 3691 599 3759 legitote
638 3687 668 3750 ἓν
689 3696 760 3752 πᾶσι
787 3693 1186 3768 meditatorium}

183 3830 189 3837 .
250 3781 365 3860 γυναιξὶ
383 3812 423 3824 ·-
476 3785 557 3856 Quod
588 3786 681 3839 durius
713 3788 815 3842 dictum
845 3791 874 3842 in
903 3791 1032 3843 foeminas
1061 3791 1190 3847 ridetur.

251 3882 384 3948 Scripsit,
412 3882 441 3932 ni
461 3881 559 3944 failor,
589 3880 682 3944 Pluto,
712 3884 753 3934 nti
776 3886 921 3957 vertimur,
954 3881 983 3943 ir
1002 3886 1085 3944 nim
1105 3895 1178 3957 μαλ.

143 4035 145 4039 ,
252 3981 339 4036 Saepe
356 3980 421 4033 hore
437 3981 474 4032 ira
491 3979 563 4047 apud
582 3979 719 4033 Platonem
734 3984 900 4052 junguntur,
927 3983 967 4037 uti
983 4002 1046 4038 rnox
1063 3985 1124 4039 4³3.
1146 3986 1182 4039 D.

250 4081 299 4160 xpi
319 4076 346 4134 ir
365 4074 444 4135 emat
461 4079 510 4133 nm
530 4074 560 4134 Ιν
579 4080 691 4148 γυναικὶ
712 4081 761 4136 xxi
780 4077 809 4137 Ia
821 4077 912 4151 'ruinae
930 4081 980 4137 reni
996 4077 1181 4156 Mutuilppr
