2896 5168
623 532 813 598 ..„,..

250 701 446 784 nardium
476 716 524 765 res
554 714 663 762 omnes
687 699 811 780 pulcras
840 695 907 762 sive
942 695 1086 764 sensibus
1117 718 1176 782 pa·¹

249 824 372 891 tentes,
404 813 530 878 sivein
560 810 625 877 viti
656 816 803 895 agenda,
818 813 851 878 in
879 809 988 878 officiis
1005 829 1039 877 ac
1073 812 1177 878 virtiu-

249 926 335 993 tibus
362 925 472 992 obvias
502 926 692 1008 exigeremus
707 946 741 993 ac
760 928 966 1012 indicaremus
987 941 1080 994 recte.
1102 928 1171 994 Nec

250 1037 309 1101 alia
329 1037 408 1102 ratio
429 1037 644 1123 philosophiae
667 1030 845 1111 Platonicae
872 1057 941 1123 est,
973 1043 1028 1109 ubi
1054 1046 1093 1108 ad
1118 1062 1173 1107 ve·

250 1168 319 1215 rum
347 1149 478 1216 refertur
497 1156 652 1221 universe.
696 1155 744 1221 Ut
764 1155 827 1221 illic
846 1157 885 1221 ad
908 1158 1050 1238 pulcrum
1071 1156 1175 1221 conti·

251 1286 339 1348 nuo,
361 1269 402 1333 ita
431 1270 504 1349 hle,
527 1269 706 1334 innaturali
722 1270 822 1354 ipsius
842 1271 1080 1353 progressione,
1102 1272 1173 1338 uni·

250 1399 338 1445 verse
356 1384 516 1447 advenum
534 1428 546 1463 ,
568 1382 635 1446 sive
654 1384 731 1450 illud
750 1388 912 1467 pulcrum,
940 1384 1007 1450 sive
1033 1384 1177 1470 bonum,

251 1496 319 1560 sive
343 1497 463 1579 justum
491 1509 563 1574 est,
585 1496 685 1575 adque
707 1499 796 1578 veri,
826 1507 878 1568 τοῦ
905 1503 984 1576 duros
1015 1500 1173 1567 scientiam

252 1609 375 1688 tendit3
399 1623 435 1673 ut
450 1607 624 1693 disciplinis
642 1612 694 1675 hlc
703 1610 845 1675 similiter
860 1627 953 1691 atque
970 1597 1032 1679 illlc
1055 1615 1174 1681 artibus

253 1721 446 1804 maximeque
461 1723 620 1790 dialectici
640 1738 671 1789 et
688 1726 836 1790 aleremus
860 1741 994 1788 amorem
1013 1727 1078 1788 veri
1101 1707 1180 1794 tressav

252 1849 333 1900 trum
368 1851 411 1919 et¹
433 1840 597 1921 proprium
629 1838 723 1903 nobis
755 1840 874 1922 tanam
899 1847 953 1914 τῆς
992 1851 1118 1926 ψυχῆς,
1151 1840 1175 1926 ᾧ

254 1953 331 2036 μόνῳ
370 1958 495 2030 danielo
531 1959 634 2039 iperet
663 1956 742 2038 (una
773 1953 803 2017 id
831 1970 889 2018 nos
915 1971 993 2017 voce
1028 1932 1175 2040 exprimi·

254 2087 349 2148 mus,
368 2089 465 2133 onzcn
492 2067 737 2150 unarheidszin)
770 2069 993 2149 purgaremus,
1014 2085 1107 2153 etque
1137 2075 1175 2139 ad

254 2183 332 2249 illud
358 2184 444 2264 quod
462 2201 526 2249 non
544 2158 670 2249 videtur
690 2187 855 2267 pulcrum,
872 2183 1008 2263 bonum,
1028 2185 1174 2268 justum,

254 2300 309 2365 sed
341 2314 405 2378 est,
440 2301 478 2364 ad
502 2304 544 2370 rai
564 2304 658 2380 iura,
679 2301 719 2363 ad
741 2300 844 2376 ideas,
876 2298 913 2361 ad
934 2305 1102 2370 aeternale
1135 2314 1174 2386 cll

254 2420 345 2501 Φύσει
376 2413 441 2480 veri
469 2419 704 2499 παραδείγματα
735 2414 923 2498 erigeremus
945 2428 1075 2477 mentem
1102 2431 1178 2479 nos·

170 2544 173 2549 ·
254 2545 353 2596 tram:
396 2548 460 2609 quo
498 2528 648 2610 pertinuit
675 2549 745 2594 curn
776 2528 878 2594 omnis
910 2530 977 2611 ejus
1011 2528 1176 2594 accuratis·
1210 2586 1216 2600 ,

254 2645 332 2711 sime
348 2644 489 2711 instituta
504 2646 542 2709 de
560 2644 731 2725 disciplinis
749 2664 782 2709 ac
793 2643 972 2720 dialectici,
995 2657 1061 2709 tuna
1078 2645 1175 2726 haec,

257 2781 348 2844 quam
373 2762 466 2825 modo
500 2758 703 2840 tradidimus,
736 2761 773 2824 de
795 2762 911 2825 mundo
935 2765 1024 2845 νοητῷ
1057 2779 1091 2824 ac
1122 2779 1176 2824 ve·

255 2876 281 2940 ri
318 2874 447 2939 scientih
485 2873 669 2954 disputatio.
734 2877 828 2941 Hunc
856 2874 951 2958 igitur
981 2875 1012 2941 in
1047 2875 1173 2941 modum

196 2964 203 2973 ’
256 2987 343 3054 Plato
369 3006 426 3051 nec
455 2989 492 3050 de
518 2985 693 3049 infirmitate
719 2985 898 3051 facultatum
920 3003 1092 3077 nostrarum
1119 3006 1176 3053 nec

255 3106 293 3169 de
328 3099 546 3184 philosophiae
581 3098 759 3165 difficultate
798 3116 958 3182 questus,
995 3088 1207 3184 simpliciter'

254 3219 339 3296 alio,
362 3234 452 3297 quam
482 3219 584 3296 solet,
606 3218 848 3283 convertendum
873 3213 1007 3282 animum
1032 3230 1174 3280 nostrum

253 3332 458 3401 existimavit:
492 3330 556 3396 imo
591 3350 688 3412 vero,
725 3330 981 3414 quemadmodum
1016 3348 1078 3409 eo,
1110 3348 1176 3410 quo
1253 3373 1255 3377 ψ
1296 3368 1299 3375 -

255 3463 405 3532 oportet,
436 3449 664 3514 convertendus
696 3448 763 3526 sit,
794 3445 894 3528 ipsius
921 3443 1013 3511 nobis
1035 3447 1177 3527 philoso-

255 3566 328 3650 phia
362 3564 483 3628 illustre
509 3563 729 3627 documentum
763 3575 824 3627 est.
873 3559 1008 3629 Miratus
1032 3564 1175 3647 equidem

254 3697 475 3764 saepenumero
500 3697 593 3765 sum,
627 3678 701 3759 quid
727 3695 853 3741 caussae
874 3675 941 3756 sit,
972 3693 1096 3744 utnon
1124 3698 1177 3743 so-

214 3772 218 3779 *
255 3799 319 3863 lum
344 3814 452 3877 parum
472 3795 545 3859 haec
567 3794 704 3860 curarint
720 3793 922 3877 philosophi,
944 3798 998 3862 sed
1013 3795 1070 3861 vin
1089 3792 1177 3875 quis·

257 3929 349 3993 quam
380 3910 456 3974 adeo
478 3907 680 3991 interpretum
707 3910 935 3977 Platonicorum
961 3911 999 3975 ad
1029 3910 1106 3974 hanc
1128 3916 1178 3973 rad

256 4023 373 4091 tionem
401 4020 576 4089 adhucdum
614 4022 788 4090 universam
826 4026 961 4112 exegerit
990 4023 1175 4111 philosophi

1045 4198 1048 4203 .
1107 4141 1182 4205 doc·¹
1237 4202 1241 4207 .
