2896 5168
752 412 930 476 ..28-

371 607 521 672 muntur,
545 571 649 657 uocari
667 591 781 655 solent.
812 596 934 667 Τόπους
949 590 1023 655 item
1040 592 1174 673 appellat
1193 591 1302 658 subin·

373 710 413 774 de
439 710 528 776 Plato
555 709 615 772 hoc
646 708 776 771 alterurn
809 709 971 772 notionum
995 726 1094 791 genus
1125 709 1147 772 i.
1171 728 1200 774 e.
1228 710 1303 791 sor·

372 846 458 905 mar,
480 826 649 908 imagines,
672 824 766 889 ducti
783 826 962 909 metaphora
985 846 1001 890 a
1022 826 1142 908 signis,
1166 844 1300 906 quorum

370 939 520 1024 imagines
548 939 579 1004 in
610 945 682 1007 ceri
709 943 927 1024 exprimuntur
948 943 992 1008 (¹³.
1038 944 1170 1009 Easdem
1199 958 1301 1009 autem
1352 1014 1357 1021 ,

371 1057 465 1122 hasce
494 1073 596 1122 rerum
623 1056 761 1138 formas,
785 1075 820 1126 ut
846 1060 948 1144 pergit
977 1061 1087 1125 eodem
1112 1062 1185 1125 inco
1212 1060 1304 1128 Cice·

368 1189 428 1252 ro,
457 1175 550 1258 gigni
577 1158 671 1260 ungat
701 1177 790 1241 Plato
814 1191 847 1242 et.
869 1181 919 1240 ait
948 1194 1064 1260 semper
1093 1199 1155 1242 csse
1178 1199 1216 1242 ac
1246 1196 1303 1242 ra·

367 1289 451 1356 tione
470 1306 500 1356 ct
520 1293 734 1376 intelligentie!
753 1296 927 1358 contineri:
948 1309 1074 1357 caetera
1096 1299 1203 1374 nasci,
1226 1299 1303 1360 occi·

368 1403 464 1487 dere,
479 1406 598 1490 fluere,
620 1409 706 1487 labi,
730 1403 797 1472 rrec'
811 1407 931 1473 diutius
963 1430 1024 1472 esse
1054 1431 1113 1473 uno
1141 1425 1172 1473 et
1201 1407 1301 1474 codem
1337 1390 1340 1394 ⁴
1377 1448 1380 1453 -

369 1537 457 1589 statu
478 1517 523 1587 (¹).
569 1523 693 1589 Scilicet
723 1543 761 1589 eo
786 1521 922 1607 pertinet
952 1525 1082 1589 maxime
1110 1539 1177 1589 tota
1200 1525 1304 1590 Plato·

369 1639 419 1704 nis
446 1640 484 1704 de
509 1640 585 1706 ideis
615 1640 776 1721 doctrino,
817 1657 852 1707 ut
882 1642 913 1706 in
945 1644 1001 1708 hnc
1029 1661 1130 1708 rerum
1162 1641 1301 1708 omnium

368 1770 401 1822 et
428 1755 615 1839 opinionum
649 1756 862 1838 fluctuatione,
884 1759 1034 1838 haberet,
1063 1762 1149 1841 quud
1182 1774 1302 1825 certum

368 1888 530 1939 essetnec
553 1875 719 1939 mutationi
741 1875 928 1940 obnoxium.
974 1876 1039 1940 Res
1070 1897 1202 1960 maguae
1223 1895 1303 1958 quae

367 1989 410 2055 ita
438 1991 586 2055 dicuntur
615 1991 669 2056 ubi
689 2010 760 2056 cum
789 1991 893 2074 parvis
923 2012 1163 2074 comparantur,
1186 1994 1301 2059 sicum

369 2107 540 2192 majoribus
567 2123 811 2190 comparantur,
830 2127 952 2195 parrae
968 2129 1134 2193 apparent:
1159 2112 1302 2177 similiter

367 2223 492 2308 negotia
525 2226 656 2309 pulcra,
700 2224 803 2305 bono,
844 2227 927 2310 justa
957 2246 1037 2307 quae
1063 2227 1301 2311 existimantur,

366 2343 436 2408 eliis
457 2343 653 2426 temporibus
682 2345 825 2424 locisque
850 2360 967 2420 taetra,
991 2346 1089 2424 mala,
1113 2344 1230 2429 injusta
1247 2365 1302 2427 ap·

366 2475 476 2544 parent
497 2459 541 2524 (³³.
587 2461 677 2544 Quae
703 2461 818 2522 incerta
846 2473 878 2520 et
907 2457 1059 2520 contraria
1080 2459 1118 2520 de
1137 2459 1232 2523 rebus
1251 2461 1302 2540 ju·

366 2575 446 2639 dicia
468 2574 687 2654 adspectabilis
716 2573 824 2636 mrrndi
848 2571 1022 2636 conditioni
1050 2574 1207 2638 tribuebat
1235 2574 1303 2639 Pla·

367 2703 422 2772 10,
465 2691 498 2755 in
534 2707 598 2772 quo
628 2687 775 2753 sensibus
806 2687 897 2752 unice
929 2689 1025 2753 horno
1064 2688 1154 2753 fidem
1187 2690 1300 2771 habet,

365 2804 529 2874 fallacibus
550 2802 688 2869 nunciis.
733 2804 957 2888 Quapropter,
979 2822 1019 2870 ne
1044 2805 1145 2897 decipi
1169 2824 1229 2872 nos
1245 2827 1299 2891 pa·

366 2943 502 2992 tenemur
526 2923 614 2989 falsis
642 2921 851 3005 imaginibus,
886 2921 971 2988 ideas
1001 2941 1060 2988 nos
1087 2921 1208 2989 intueri·
1231 2926 1300 3009 jus·

275 3020 281 3035 ’
365 3041 409 3110 sit
434 3040 606 3109 inmundo
637 3044 726 3124 νοητῷ
750 3036 772 3103 i.
796 3056 825 3103 e.
858 3037 967 3120 ipsum·
986 3038 1064 3103 iilud
1093 3040 1180 3120 quod
1203 3036 1298 3127 'mag-

364 3186 460 3246 uum,
495 3161 583 3243 quod
619 3159 773 3243 aequale,
807 3156 893 3238 quod
918 3157 1066 3242 pulcrum
1096 3174 1157 3222 est.
1212 3157 1298 3221 Haec

363 3299 487 3350 aeterna
512 3291 612 3354 sunt,
634 3277 696 3353 ait,
718 3287 749 3338 et
776 3270 998 3338 immutabilia:
1022 3287 1139 3337 caetera
1166 3290 1298 3336 nascun-

362 3414 441 3480 tur,
474 3395 645 3471 oeeidunt‚
675 3389 801 3469 fluunt,
833 3388 993 3453 labuntur.
1038 3387 1212 3455 Veritatem
1239 3387 1298 3475 igi·

366 3530 420 3579 tur
445 3510 598 3594 spectavit
620 3509 728 3584 Plato,
761 3524 859 3587 quum
886 3505 924 3568 de
953 3503 1029 3571 ideis
1058 3504 1298 3588 philosophare·

363 3647 427 3697 tur.
472 3629 561 3696 ldeae
586 3625 668 3708 apud
698 3643 768 3689 eun]
792 3627 834 3698 rai
858 3623 929 3690 iuro
950 3640 1049 3702 sunt,
1084 3641 1164 3704 quae
1197 3639 1293 3700 snm,

1231 3753 1297 3798 non
