2896 5168
632 365 814 430 534⁶.

249 531 586 602 remurmurat·
611 524 696 588 idem
727 524 912 604 Cartesius,
930 541 1092 611 tamquam
1121 551 1180 598 tro·
1244 522 1249 532 '

252 653 354 721 tiones
383 646 558 714 verissimas
579 638 711 722 posuit,
735 637 876 720 quibus,
900 655 933 704 ut
952 643 1179 732 axiomatibus,

252 785 288 838 ut
314 747 472 834 doctrinae
502 756 611 823 fulcris
638 775 672 819 ac
703 751 926 822 fundamentis
944 760 1066 849 decreta
1094 767 1181 833 dein·

251 905 327 968 ceps
357 897 414 946 sua
443 888 695 957 superstrueret3
720 873 808 938 Plato
840 893 914 939 vero
942 850 1097 959 tamquam
1118 879 1183 947 for·

254 1018 319 1069 mas
357 993 449 1059 nobis
485 987 662 1074 perfectas,
707 990 840 1070 quasin
868 992 987 1060 artibus
1018 1001 1183 1065 tractandis

254 1108 442 1199 legibusque
462 1106 634 1201 condendis
662 1106 876 1186 imitaremur,
896 1113 1077 1194 proposuit.
1122 1117 1186 1183 Cui

257 1229 417 1298 doctrinae
443 1224 616 1292 diversitati
637 1224 758 1288 diversa
782 1242 919 1306 congrua
936 1229 1101 1311 utriusque
1125 1231 1187 1300 fuit

258 1346 431 1445 disserendi
465 1344 557 1437 ratio,
610 1339 823 1423 Syntheticarn
851 1339 904 1405 ille
934 1344 1115 1411 methodum
1150 1352 1189 1415 ad

258 1454 453 1554 probandum
482 1456 743 1534 condendumque
772 1470 908 1537 systema
937 1463 1187 1546 usurpavit'(1)3

261 1568 350 1649 'Piato
370 1595 447 1643 vero
471 1571 653 1639 inductione
678 1584 709 1635 et
737 1570 888 1653 analytica
911 1573 1030 1639 ratione
1061 1577 1194 1645 educere

263 1697 418 1764 hominem
441 1690 479 1758 ad
493 1686 712 1774 perfectiorem
730 1686 938 1752 conditionem
962 1691 1096 1756 studuit.
1141 1695 1194 1760 Ad

261 1811 476 1884 dnuuandam
506 1806 602 1892 igitur
626 1803 724 1887 magis
754 1803 934 1882 veritatem,
958 1824 1050 1886 quam
1078 1809 1116 1872 ad
1142 1829 1195 1877 ex-

265 1927 431 2002 toiendum
470 1925 627 1992 hominem
668 1918 802 1987 Cartesii
841 1920 982 1987 doctrina
1020 1922 1195 2010 pertinuit,
1294 1953 1299 1962 ·

268 2052 387 2136 quippe
420 2062 478 2112 nec
512 2043 681 2124 pulcrum,
724 2055 781 2103 nec
810 2036 953 2118 bonurn,
991 2059 1049 2105 nec
1075 2043 1197 2125 justum

268 2166 449 2238 modumve
480 2160 560 2226 ideis
589 2157 764 2240 conplexa.
820 2156 862 2222 Et
889 2157 976 2238 quod
1005 2159 1067 2224 Dei
1096 2164 1202 2228 notio·

270 2288 350 2356 uera·
370 2267 532 2352 Cartesius
559 2293 709 2343 stammam
735 2260 878 2339 idearum
902 2274 1060 2359 hahebat,
1081 2298 1145 2346 non
1168 2283 1205 2348 ii·

270 2401 325 2477 Iuc'
346 2402 379 2470 id
399 2399 543 2475 valebat,
574 2407 609 2460 ut
637 2390 739 2459 Deam
765 2391 886 2466 nobis,
909 2407 1064 2472 tamquam
1101 2401 1204 2463 omnis

273 2516 475 2610 perfectionis
504 2509 701 2591 exemplum,
723 2505 762 2567 ad
784 2503 965 2567 imitandum
992 2526 1205 2595 proponetct3

277 2635 333 2704 sed
359 2633 422 2696 hue
449 2623 592 2701 scilicet,
623 2636 659 2685 ut
676 2617 864 2698 notionem,
887 2641 948 2684 esse
967 2621 1093 2704 Deam,
1115 2626 1208 2712 sive,

277 2745 314 2819 ut
335 2750 404 2832 ipse
424 2737 594 2823 loquitur,
617 2748 667 2803 en't
696 2756 757 2801 esse
778 2757 893 2800 summe
911 2740 1105 2824 intelligens,
1127 2767 1211 2810 sum.

278 2848 327 2936 inc
343 2878 451 2956 putens
472 2873 502 2926 et
523 2874 638 2923 tumme
651 2853 850 2940 perfectum,
873 2853 951 2918 hanc
974 2857 1133 2925 notionem
1162 2823 1213 2928 in.

281 3002 390 3052 natam
413 2978 507 3046 nobis
529 2973 631 3040 ideam
658 2988 751 3051 esse,
784 2969 1022 3039 demonstraret.
1073 2969 1214 3046 Consida-

281 3102 383 3181 ¹raus,
404 3097 469 3178 ait,
490 3089 735 3160 interdicemus
764 3086 873 3168 ideas,
895 3111 972 3175 quas
992 3092 1080 3179 apud
1093 3088 1136 3158 ‘se
1159 3099 1218 3161 ha.

205 3269 210 3277 .
284 3223 333 3287 bat
359 3219 470 3308 ¹houm,
513 3226 607 3304 arram
639 3227 700 3272 esse
731 3208 808 3269 entis
840 3225 956 3268 ramme
988 3183 1216 3291 intelligentis,

290 3353 404 3405 suntme
426 3327 562 3420 potentis
591 3339 622 3390 ee
651 3340 766 3390 summe
796 3318 953 3406 perfecti,
986 3340 1067 3405 quae
1085 3326 1220 3390 omniunt

749 3446 752 3456 '
1156 3443 1222 3509 lou

215 3648 219 3656 -
318 3623 367 3692 (a)
387 3614 492 3679 Invitata
514 3632 546 3667 ao
571 3612 751 3683 pervenitvir
775 3613 802 3664 in
820 3615 914 3681 paucis
933 3619 1074 3674 maximus.
1105 3621 1224 3676 Naturae

291 3697 412 3776 bonitate
440 3715 474 3767 ad
494 3716 656 3785 analyticam
673 3713 803 3764 rationem
824 3731 926 3781 protana
948 3725 1021 3783 erat,
1051 3727 1081 3772 ut
1101 3722 1169 3777 effici
1192 3741 1226 3774 ex

289 3821 386 3873 libeiio
408 3821 466 3887 ajat
486 3815 584 3867 eximio
607 3817 641 3868 rie
667 3812 793 3866 methodo
823 3812 944 3881 potant,
961 3816 1011 3886 qui
1029 3817 1059 3870 in
1073 3814 1176 3886 primif
1185 3820 1231 3874 10,

293 3919 393 3988 ,adua
408 3906 581 3983 philoaopitia'
599 3917 649 3965 eat.
668 3908 700 3965 P.
719 3908 743 3964 ί.
754 3911 788 3977 p·
807 3907 902 3961 tr-r&
1209 3894 1212 3899 ’
