2896 5168
440 399 441 402 ,
527 459 720 521 ‘m-

162 619 257 700 tetis,
279 634 344 685 tum
368 620 449 700 uiri,
472 623 619 687 instituit.
642 621 798 704 Principio
821 636 931 703 rogat,
961 619 1091 686 liberam

163 736 319 807 civitatem
340 737 527 822 tyrannicam
551 738 654 818 dices,
676 755 714 802 an
730 743 934 805 serraml-
954 737 1092 802 Maxime

164 856 304 920 omnium
323 873 454 920 servam.
470 889 516 907 --
563 853 770 922 Veruntamen
790 855 822 920 in
842 873 877 920 ea
896 854 1042 922 dominos
1063 867 1094 919 et

160 970 276 1048 liberos
304 970 531 1036 animadvertis.
552 1006 597 1022 -
638 971 885 1053 Animaduerto,
909 971 964 1037 sed
984 969 1091 1050 exign-

163 1105 215 1151 nm
245 1102 292 1151 est
321 1087 425 1152 istud:
460 1080 735 1152 universum'veto
763 1087 795 1152 in
824 1088 913 1183 ipsit,
945 1101 976 1151 et
1004 1103 1093 1167 prae·
1199 1093 1202 1099 ’

64 1284 72 1295 .
158 1203 387 1268 stantissimum
398 1221 518 1287 genus,
536 1201 668 1286 turpiter
679 1218 727 1268 est
741 1218 771 1268 et
783 1204 891 1268 misere
903 1221 1093 1269 servunt.-

160 1318 285 1405 Quodsi
309 1321 358 1384 vir
378 1320 498 1385 civitati
521 1319 631 1386 similis
650 1333 719 1400 est,
748 1321 862 1402 pariter
885 1321 950 1402 ejus
971 1319 1091 1383 animus

157 1434 371 1503 illiberalitatis
399 1456 434 1503 ac
456 1435 622 1503 servitutis.
645 1436 702 1502 erit
725 1438 838 1521 plena,
871 1457 906 1501 ac
932 1436 1092 1517 probabile

158 1565 208 1620 est
222 1559 309 1636 ,ατε
324 1551 438 1622 'anion
455 1567 572 1638 partes¹
588 1553 622 1618 in
646 1554 701 1620 illo
726 1554 867 1632 servire,
898 1571 975 1635 quae
1004 1570 1093 1637 prae·

156 1668 365 1737 santissimae
394 1682 490 1747 sunt,
514 1668 623 1734 exilem
652 1687 727 1736 vero
760 1684 903 1750 partem,
926 1667 1090 1750 ignavissi-

159 1797 244 1854 mam.
260 1801 291 1852 et
313 1784 594 1868 dementissimam,
617 1785 783 1852 dominari.
804 1823 849 1839 -
872 1784 1029 1882 Omnino.
1047 1821 1092 1837 -

157 1900 245 1986 Quid
263 1899 387 1984 igitur?
409 1905 513 1980 δούλην
533 1906 552 1983 ἣ
574 1905 725 1992 ἐλευθέραν
746 1906 799 1980 airu
820 1906 959 1980 τοιαύτην
980 1904 1087 1986 otiante

156 2017 237 2088 eluar
260 2023 387 2104 ψυχήες
422 2039 543 2086 sertum
572 2017 775 2085 antibarum
802 2040 862 2084 esse
886 2017 966 2083 dicer
993 2018 1089 2083 talem

157 2137 324 2220 animum?
346 2172 390 2187 -
428 2135 572 2201 Servum.
591 2171 635 2188 -
670 2131 773 2215 Atqui
795 2147 933 2198 serenet
955 2148 1087 2217 tyranno

156 2251 281 2316 subdita
293 2251 403 2316 civitas
413 2253 556 2333 minime,
568 2271 647 2333 qnae
660 2252 746 2331 vult,
758 2248 881 2332 agin-
892 2249 1037 2315 Minime.
1046 2272 1091 2301 —-
1105 2225 1107 2231 Α

156 2367 209 2434 Sic
241 2382 342 2432 autem
373 2368 494 2435 animus
523 2369 703 2452 tyrannicus
725 2366 873 2449 minime,
899 2387 976 2449 quae
997 2369 1088 2447 vult,

156 2484 289 2568 efficiet3
311 2491 367 2556 ὑπὸ
387 2489 417 2555 δὲ
433 2485 526 2570 airaon
546 2490 593 2555 aiei
608 2489 749 2569 ἑλκομένη
773 2488 851 2571 βία,
873 2496 1012 2569 ταραχῆς
1032 2488 1083 2554 καὶ

155 2606 361 2686 μεταμελείας
382 2606 460 2685 uaria
484 2605 562 2674 ἔται·
593 2601 647 2667 aad
670 2601 793 2667 stimula
814 2621 932 2687 semper
948 2606 1088 2689 percitus

153 2720 306 2796 violenta,
334 2717 574 2805 perturbatione
605 2719 855 2803 poenitentiaque
886 2716 1086 2785 redundabit.

156 2833 229 2898 Huc
250 2834 345 2915 igitur
363 2849 394 2897 et
417 2837 612 2912 adeamne,
636 2851 715 2912 quae
739 2831 788 2897 his
807 2835 970 2915 conjuncta
990 2851 1085 2917 sunt,

155 2945 344 3028 respiciens,
375 2964 479 3011 nonne
499 2960 531 3012 et
553 2946 706 3012 civitatem
734 2963 764 3012 et
790 2945 891 3012 virum
910 2950 1003 3031 longe
1029 2952 1086 3017 mi·
1157 3008 1163 3021 ,
1193 3000 1197 3010 .

154 3062 282 3128 sertimt
303 3083 370 3139 esse
387 3063 566 3129 conditione
586 3061 692 3131 dicis?
707 3101 753 3116 -
773 3063 854 3136 Dico
874 3066 1028 3147 equidem.
1042 3067 1083 3136 (ι)

196 3179 279 3245 Hinc
308 3199 403 3262 porro
437 3182 579 3250 Socrates
604 3182 642 3245 de
670 3181 888 3263 singulorum,
919 3202 1000 3264 qnos
1032 3184 1085 3248 dc·

151 3296 300 3378 scripsit,
335 3297 470 3363 vitorum
497 3297 676 3363 conditione
701 3300 785 3382 egit,
816 3299 1015 3382 instituitque
1042 3302 1081 3366 de

151 3413 216 3494 iis,
245 3433 280 3479 ac
313 3414 342 3478 si
370 3415 402 3478 in
433 3415 514 3480 ludis
548 3415 715 3481 chororum
744 3416 873 3498 praemii
907 3414 1083 3498 reportandi

151 3548 261 3596 caussa
279 3547 533 3612 concertassent,
557 3535 694 3598 solemne
712 3533 876 3616 judicium.
907 3535 997 3617 Age,
1019 3536 1081 3615 ait,

149 3646 336 3726 Adimantc,
357 3649 613 3729 quemadmodum
627 3651 721 3734 judex
742 3649 844 3714 omnia
857 3651 1077 3732 conspiciens,

151 3764 189 3830 de
203 3766 335 3848 singulis
351 3764 491 3851 judicat,
516 3766 557 3830 ita
575 3740 608 3830 tu
625 3769 687 3851 jam
709 3765 839 3848 profer,
867 3766 922 3848 qui
953 3784 1007 3832 tuo
1029 3769 1081 3853 ju·

1032 3885 1078 3949 di·

185 4037 369 4114 (1)DeRep.
388 4040 440 4096 IX.
461 4040 521 4111 577.
541 4039 571 4093 B.
589 4065 618 4081 -
636 4036 697 4111 578.
716 4043 746 4106 B,
