2896 5168
562 520 565 529 .
627 474 824 540 *⁹197-

262 639 380 719 modo,
399 656 577 723 perversae
615 637 828 721 sophistarum
863 659 898 707 ec
927 614 1192 740 philosophorum

258 757 476 839 etymologiae
501 774 589 821 suam
632 755 792 822 Platonem
825 755 1070 840 philosophandi
1095 756 1192 824 ratio-

258 889 331 940 nem
362 873 505 955 verique
522 869 718 952 doctrinam,
739 891 845 955 ,quam
871 873 1112 956 metaphysicam
1142 872 1192 956 di·¹

257 1004 333 1055 cunt
362 990 483 1072 vulgo,
520 986 724 1071 opposuisse.
777 988 814 1054 ld
845 988 1032 1056 eSoctatis
1061 988 1122 1054 sub
1150 988 1189 1057 fi·.

255 1121 327 1177 nem
354 1104 469 1189 dialogi
497 1121 643 1170 sermone
671 1103 868 1189 intelligitut.
911 1104 1068 1170 Effecerat
1091 1105 1124 1170 in
1149 1108 1189 1174 ei·

255 1236 294 1287 ex
317 1217 484 1285 verborum
497 1290 500 1295 ,
514 1216 765 1299 significatione,
793 1237 866 1285 vere
894 1220 1009 1301 pariter
1038 1219 1190 1287 statuisse

256 1334 453 1403 tidericum
480 1311 535 1415 qui
561 1333 702 1415 moveri,
754 1347 820 1402 tum
867 1335 922 1416 qui
961 1351 1044 1402 state
1071 1336 1189 1405 omnia

187 1472 191 1482 ·
254 1450 496 1517 contenderant:
537 1448 655 1530 quibus
674 1447 837 1534 subjungit
855 1450 1023 1534 deinceps:
1067 1452 1188 1521 tumul..

253 1566 416 1641 tuentibus
437 1566 555 1650 igitur,
577 1564 701 1646 inquit,
723 1564 930 1647 nominibus,
952 1580 984 1632 et
1007 1585 1190 1646 asseverem.

254 1683 341 1750 tibus
371 1683 458 1762 aliis,
491 1699 527 1748 se
557 1698 650 1761 csse,
683 1699 763 1762 quae
787 1681 909 1757 veritati
940 1699 1017 1747 sunt
1050 1684 1187 1768 similia,
1297 1694 1299 1700 ‘

253 1800 323 1865 aliis
342 1814 445 1866 autem
463 1817 499 1864 ae
522 1815 617 1879 esse,
638 1796 926 1876 contendentibus,
947 1799 1038 1882 cujus
1053 1799 1093 1863 ad
1111 1812 1188 1867 not<

255 1935 335 1984 mam
361 1917 446 1982 litem
467 1913 728 1999 dijudicabimus?
751 1914 802 1980 vel
820 1932 957 1995 quonam
980 1931 1040 1980 nos
1060 1915 1187 1982 tandem.

253 2031 497 2100 convertemus?
540 2050 606 2098 non
625 2031 707 2098 enim
729 2031 769 2096 ad
793 2031 851 2097 alia
875 2030 1001 2097 nomina
1020 2030 1185 2116 confugie-

253 2169 346 2231 mus,
369 2151 442 2232 quia
460 2163 582 2232 praeter
602 2149 677 2214 haec
694 2165 758 2212 non
779 2162 866 2213 sunt.
924 2153 1027 2219 ’nam
1050 2152 1183 2227 δηλονότι

225 2298 226 2301 ’
253 2271 330 2342 ἄλλ’
351 2271 435 2338 ἄπα
455 2270 586 2354 ζητητέαι
606 2269 685 2343 πλὴν
706 2266 880 2347 ὀνομάτων,
903 2262 926 2334 ἃ
951 2269 1020 2347 ἡμῖν
1041 2268 1187 2348 ἐμφανιεῖ

254 2389 326 2455 ἄνευ
346 2379 512 2468 ὀνομάτων,
533 2385 660 2466 inimo
679 2384 790 2451 τούτων
809 2383 855 2452 eti
878 2384 1007 2458 τάληθῆ,
1040 2384 1182 2463 δείξαντα

254 2503 384 2588 δηλονότι
404 2503 459 2578 rita
479 2502 621 2577 ἁληθείννν
642 2506 699 2579 τῶν
718 2499 818 2568 ὄντων.
862 2497 980 2566 Vtrum
1002 2496 1071 2563 alia
1086 2517 1182 2582 quoo-
1254 2541 1257 2552 ,

252 2616 326 2682 dam
350 2632 480 2705 practer
506 2619 632 2682 nomina
656 2610 836 2701 quaerenda
865 2629 958 2694 sunt,
990 2634 1071 2698 quat
1098 2613 1183 2682 ndis

250 2736 316 2799 tine
331 2733 502 2801 nominibus
516 2733 740 2821 patefaciant,
761 2748 840 2799 utra
853 2735 984 2800 istorum
1002 2751 1080 2800 uera
1094 2734 1185 2810 sini,

250 2869 361 2916 rerum
380 2849 521 2916 videlicet
541 2855 706 2916 vamtatem
726 2849 985 2932 demonstrantia.
1037 2841 1089 2918 lta'
1105 2846 1184 2917 milti

250 2965 456 3031 videtur..·-
482 2963 515 3027 Si
538 2964 611 3027 haec
641 2964 684 3026 ita
712 2982 748 3029 se
774 2967 911 3044 babent,
934 2967 1085 3049 Cratyie,
1106 2986 1184 3055 pos·

252 3093 346 3159 sunt,
378 3092 414 3142 ut
442 3077 590 3158 videtur,
612 3075 751 3143 tessine
779 3078 960 3143 nominibus
982 3081 1115 3161 percipi.
1136 3115 1183 3141 .-

251 3195 406 3279 Apparet.
426 3227 474 3259 η-
500 3193 560 3260 Pet
578 3192 655 3275 quid
674 3194 777 3279 igitur,
790 3194 875 3261 aliud
895 3213 1001 3277 speras
1021 3196 1094 3262 haec
1111 3214 1184 3279 per·

251 3310 375 3396 cipere,
404 3310 552 3393 nisique
581 3310 702 3375 ratione
725 3311 848 3393 justum
878 3323 910 3375 et
939 3323 1183 3387 consentaneum

251 3428 318 3510 sit,
348 3442 384 3493 nt
412 3446 451 3494 ct
480 3431 589 3495 mutua
618 3445 725 3494 eorum
758 3425 966 3511 cognatione,
998 3427 1026 3491 si
1054 3427 1182 3508 quidem

253 3559 385 3630 cognata
414 3543 500 3624 sint,
532 3543 709 3636 discamus,
742 3559 808 3610 tum
834 3543 925 3609 etiam
950 3542 1018 3629 ipsa
1042 3561 1098 3626 per
1121 3544 1182 3612 sei

251 3659 335 3735 Nam
353 3661 439 3744 quod
463 3660 502 3727 ab
524 3660 595 3744 illis,
607 3660 764 3728 diversum
784 3675 881 3744 atque
897 3661 982 3737 aliud
1002 3675 1077 3744 est,
1097 3660 1182 3728 alind

250 3798 287 3848 ac
306 3778 486 3859 diversum,
507 3794 573 3843 non
595 3778 648 3845 ilia
667 3776 870 3862 significaret.
893 3811 941 3831 -
989 3778 1071 3844 Vera
1093 3754 1185 3862 loqui

250 3894 382 3963 >videtis
401 3927 450 3951 ·-
476 3893 561 3975 Dic,
583 3894 739 3976 obsecro,
759 3911 867 3962 nonne
895 3895 958 3978 iam
989 3911 1082 3976 saepe
1096 3911 1185 3970 ,con-

242 4010 430 4096 ‚cessimus,
450 4010 601 4095 nomina,
622 4029 703 4095 quae
721 4024 809 4080 recte
825 4010 928 4096 posita
946 4024 1043 4096 sunt,
1064 4009 1186 4098 ⁸similit

547 4153 551 4161 ·
1146 4125 1183 4190 ii·
