<?xml version="1.0" encoding="UTF-8"?>
<!DOCTYPE html PUBLIC "-//W3C//DTD XHTML 1.0 Transitional//EN"
    "http://www.w3.org/TR/xhtml1/DTD/xhtml1-transitional.dtd">
<html xmlns="http://www.w3.org/1999/xhtml" xml:lang="en" lang="en">
 <head>
  <title>
</title>
<meta http-equiv="Content-Type" content="text/html;charset=utf-8" />
  <meta name='ocr-system' content='tesseract 3.04.00' />
  <meta name='ocr-capabilities' content='ocr_page ocr_carea ocr_par ocr_line ocrx_word'/>
</head>
<body>
  <div class='ocr_page' id='page_1' title='image "./initiaphilosoph04heusgoog_0045.png"; bbox 0 0 2896 5168; ppageno 0'>
   <div class='ocr_carea' id='block_1_1' title="bbox 625 389 797 526">
    <p class='ocr_par' dir='ltr' id='par_1_1' title="bbox 625 389 797 526">
     <span class='ocr_line' id='line_1_1' title="bbox 625 389 797 526; baseline -0.029 -19"><span class='ocrx_word' id='word_1_1' title='bbox 625 389 797 526; x_wconf 60' lang='lat' dir='ltr'><strong>-3d.:</strong></span> 
     </span>
    </p>
   </div>
   <div class='ocr_carea' id='block_1_2' title="bbox 106 628 1175 715">
    <p class='ocr_par' dir='ltr' id='par_1_2' title="bbox 106 628 1175 715">
     <span class='ocr_line' id='line_1_2' title="bbox 106 628 1175 715; baseline -0.001 -19"><span class='ocrx_word' id='word_1_2' title='bbox 106 662 113 676; x_wconf 94' lang='lat'><strong>·</strong></span> <span class='ocrx_word' id='word_1_3' title='bbox 249 649 341 714; x_wconf 83' lang='lat' dir='ltr'><strong>quam</strong></span> <span class='ocrx_word' id='word_1_4' title='bbox 369 630 455 712; x_wconf 81' lang='lat' dir='ltr'><strong>quod</strong></span> <span class='ocrx_word' id='word_1_5' title='bbox 472 630 592 715; x_wconf 84' lang='lat' dir='ltr'><strong>justum</strong></span> <span class='ocrx_word' id='word_1_6' title='bbox 615 642 647 693; x_wconf 87' lang='lat' dir='ltr'><strong>et</strong></span> <span class='ocrx_word' id='word_1_7' title='bbox 670 628 836 696; x_wconf 89' lang='lat' dir='ltr'><strong>honestum</strong></span> <span class='ocrx_word' id='word_1_8' title='bbox 860 641 964 708; x_wconf 86' lang='lat' dir='ltr'><strong>esset,</strong></span> <span class='ocrx_word' id='word_1_9' title='bbox 992 629 1175 711; x_wconf 68' lang='lat' dir='ltr'><strong>spectavit?</strong></span> 
     </span>
    </p>
   </div>
   <div class='ocr_carea' id='block_1_3' title="bbox 250 742 1250 1162">
    <p class='ocr_par' dir='ltr' id='par_1_3' title="bbox 250 742 1250 1162">
     <span class='ocr_line' id='line_1_3' title="bbox 251 742 1178 835; baseline 0.001 -25"><span class='ocrx_word' id='word_1_10' title='bbox 251 744 354 833; x_wconf 76' lang='lat' dir='ltr'><strong>Unde⁸</strong></span> <span class='ocrx_word' id='word_1_11' title='bbox 374 744 508 812; x_wconf 78' lang='lat' dir='ltr'><strong>dederam</strong></span> <span class='ocrx_word' id='word_1_12' title='bbox 541 742 709 835; x_wconf 85' lang='lat' dir='ltr'><strong>politicae,</strong></span> <span class='ocrx_word' id='word_1_13' title='bbox 742 743 829 827; x_wconf 87' lang='lat' dir='ltr'><strong>quod</strong></span> <span class='ocrx_word' id='word_1_14' title='bbox 859 743 960 827; x_wconf 89' lang='lat' dir='ltr'><strong>ipsius</strong></span> <span class='ocrx_word' id='word_1_15' title='bbox 988 743 1107 811; x_wconf 89' lang='lat' dir='ltr'><strong>nomini</strong></span> <span class='ocrx_word' id='word_1_16' title='bbox 1137 746 1178 811; x_wconf 89' lang='lat' dir='ltr'><strong>ad</strong></span> 
     </span>
     <span class='ocr_line' id='line_1_4' title="bbox 250 857 1178 944; baseline 0 -17"><span class='ocrx_word' id='word_1_17' title='bbox 250 862 334 927; x_wconf 88' lang='lat' dir='ltr'><strong>hunc</strong></span> <span class='ocrx_word' id='word_1_18' title='bbox 364 878 465 944; x_wconf 90' lang='lat' dir='ltr'><strong>usque</strong></span> <span class='ocrx_word' id='word_1_19' title='bbox 496 861 576 926; x_wconf 92' lang='lat' dir='ltr'><strong>diem</strong></span> <span class='ocrx_word' id='word_1_20' title='bbox 605 859 756 927; x_wconf 73' lang='lat' dir='ltr'><strong>adhaesit.</strong></span> <span class='ocrx_word' id='word_1_21' title='bbox 799 857 869 925; x_wconf 89' lang='lat' dir='ltr'><strong>Nec</strong></span> <span class='ocrx_word' id='word_1_22' title='bbox 896 873 972 925; x_wconf 85' lang='lat' dir='ltr'><strong>vero</strong></span> <span class='ocrx_word' id='word_1_23' title='bbox 1001 858 1065 941; x_wconf 89' lang='lat' dir='ltr'><strong>ipsi</strong></span> <span class='ocrx_word' id='word_1_24' title='bbox 1091 859 1178 943; x_wconf 91' lang='lat' dir='ltr'><strong>apud</strong></span> 
     </span>
     <span class='ocr_line' id='line_1_5' title="bbox 250 966 1177 1061; baseline 0 -18"><span class='ocrx_word' id='word_1_25' title='bbox 250 966 437 1044; x_wconf 80' lang='lat' dir='ltr'><strong>recentiores</strong></span> <span class='ocrx_word' id='word_1_26' title='bbox 454 978 532 1044; x_wconf 90' lang='lat' dir='ltr'><strong>adeo</strong></span> <span class='ocrx_word' id='word_1_27' title='bbox 550 974 734 1060; x_wconf 78' lang='lat' dir='ltr'><strong>philosophi</strong></span> <span class='ocrx_word' id='word_1_28' title='bbox 752 974 792 1041; x_wconf 88' lang='lat' dir='ltr'><strong>ab</strong></span> <span class='ocrx_word' id='word_1_29' title='bbox 810 974 860 1043; x_wconf 86' lang='lat' dir='ltr'><strong>his</strong></span> <span class='ocrx_word' id='word_1_30' title='bbox 877 977 987 1060; x_wconf 83' lang='lat' dir='ltr'><strong>agendi</strong></span> <span class='ocrx_word' id='word_1_31' title='bbox 1013 975 1177 1061; x_wconf 83' lang='lat' dir='ltr'><strong>principiis</strong></span> 
     </span>
     <span class='ocr_line' id='line_1_6' title="bbox 250 1091 1250 1162; baseline -0.007 0"><span class='ocrx_word' id='word_1_32' title='bbox 250 1093 342 1162; x_wconf 86' lang='lat' dir='ltr'><strong>alieni</strong></span> <span class='ocrx_word' id='word_1_33' title='bbox 361 1091 502 1162; x_wconf 67' lang='lat' dir='ltr'><strong>metunt.</strong></span> <span class='ocrx_word' id='word_1_34' title='bbox 543 1093 598 1162; x_wconf 91' lang='lat' dir='ltr'><strong>Ne</strong></span> <span class='ocrx_word' id='word_1_35' title='bbox 608 1092 707 1160; x_wconf 89' lang='lat' dir='ltr'><strong>dicam</strong></span> <span class='ocrx_word' id='word_1_36' title='bbox 718 1093 757 1159; x_wconf 90' lang='lat' dir='ltr'><strong>de</strong></span> <span class='ocrx_word' id='word_1_37' title='bbox 768 1092 997 1161; x_wconf 81' lang='lat' dir='ltr'><strong>Moechiavello</strong></span> <span class='ocrx_word' id='word_1_38' title='bbox 1007 1111 1041 1159; x_wconf 88' lang='lat' dir='ltr'><strong>ac</strong></span> <span class='ocrx_word' id='word_1_39' title='bbox 1053 1092 1178 1161; x_wconf 77' lang='lat' dir='ltr'><strong>lamoso</strong></span> <span class='ocrx_word' id='word_1_40' title='bbox 1245 1148 1250 1155; x_wconf 93' lang='grc'><em>,</em></span> 
     </span>
    </p>
   </div>
   <div class='ocr_carea' id='block_1_4' title="bbox 122 1208 1215 1311">
    <p class='ocr_par' dir='ltr' id='par_1_4' title="bbox 122 1208 1215 1311">
     <span class='ocr_line' id='line_1_7' title="bbox 122 1208 1215 1311; baseline 0.005 -37"><span class='ocrx_word' id='word_1_41' title='bbox 122 1252 125 1257; x_wconf 94' lang='grc'>-</span> <span class='ocrx_word' id='word_1_42' title='bbox 250 1213 320 1311; x_wconf 80' lang='lat' dir='ltr'><strong>ejus</strong></span> <span class='ocrx_word' id='word_1_43' title='bbox 337 1229 453 1296; x_wconf 88' lang='lat' dir='ltr'><strong>opere,</strong></span> <span class='ocrx_word' id='word_1_44' title='bbox 471 1209 526 1276; x_wconf 78' lang='lat' dir='ltr'><strong>del</strong></span> <span class='ocrx_word' id='word_1_45' title='bbox 539 1209 686 1296; x_wconf 75' lang='lat' dir='ltr'><strong>Principe</strong></span> <span class='ocrx_word' id='word_1_46' title='bbox 708 1208 884 1294; x_wconf 86' lang='lat' dir='ltr'><strong>inscripto,</strong></span> <span class='ocrx_word' id='word_1_47' title='bbox 912 1225 1033 1294; x_wconf 89' lang='lat' dir='ltr'><strong>patrum</strong></span> <span class='ocrx_word' id='word_1_48' title='bbox 1052 1224 1180 1278; x_wconf 87' lang='lat' dir='ltr'><strong>nostro·</strong></span> <span class='ocrx_word' id='word_1_49' title='bbox 1213 1262 1215 1267; x_wconf 83' lang='lat'>-</span> 
     </span>
    </p>
   </div>
   <div class='ocr_carea' id='block_1_5' title="bbox 169 1325 1183 1762">
    <p class='ocr_par' dir='ltr' id='par_1_5' title="bbox 169 1325 1183 1762">
     <span class='ocr_line' id='line_1_8' title="bbox 252 1325 1179 1411; baseline 0.002 -15"><span class='ocrx_word' id='word_1_50' title='bbox 252 1346 322 1396; x_wconf 86' lang='lat' dir='ltr'><strong>rum</strong></span> <span class='ocrx_word' id='word_1_51' title='bbox 342 1327 489 1394; x_wconf 76' lang='lat' dir='ltr'><strong>memorii</strong></span> <span class='ocrx_word' id='word_1_52' title='bbox 508 1326 562 1393; x_wconf 87' lang='lat' dir='ltr'><strong>illa</strong></span> <span class='ocrx_word' id='word_1_53' title='bbox 582 1327 700 1411; x_wconf 85' lang='lat' dir='ltr'><strong>prodiit</strong></span> <span class='ocrx_word' id='word_1_54' title='bbox 722 1327 832 1394; x_wconf 89' lang='lat' dir='ltr'><strong>denuo·</strong></span> <span class='ocrx_word' id='word_1_55' title='bbox 849 1325 996 1411; x_wconf 85' lang='lat' dir='ltr'><strong>politica,</strong></span> <span class='ocrx_word' id='word_1_56' title='bbox 1024 1345 1105 1411; x_wconf 86' lang='lat' dir='ltr'><strong>quac</strong></span> <span class='ocrx_word' id='word_1_57' title='bbox 1125 1334 1179 1398; x_wconf 76' lang='lat' dir='ltr'><strong>coi</strong></span> 
     </span>
     <span class='ocr_line' id='line_1_9' title="bbox 235 1442 1180 1532; baseline 0.002 -22"><span class='ocrx_word' id='word_1_58' title='bbox 235 1447 453 1532; x_wconf 64' lang='grc' dir='ltr'><strong>,συμφέροντος</strong></span> <span class='ocrx_word' id='word_1_59' title='bbox 471 1443 672 1527; x_wconf 76' lang='lat' dir='ltr'><strong>philosophia</strong></span> <span class='ocrx_word' id='word_1_60' title='bbox 691 1457 775 1517; x_wconf 85' lang='lat' dir='ltr'><strong>recte</strong></span> <span class='ocrx_word' id='word_1_61' title='bbox 798 1458 846 1509; x_wconf 86' lang='lat' dir='ltr'><strong>est</strong></span> <span class='ocrx_word' id='word_1_62' title='bbox 868 1445 1032 1528; x_wconf 84' lang='lat' dir='ltr'><strong>appellata.</strong></span> <span class='ocrx_word' id='word_1_63' title='bbox 1085 1442 1180 1512; x_wconf 86' lang='lat' dir='ltr'><strong>Haud</strong></span> 
     </span>
     <span class='ocr_line' id='line_1_10' title="bbox 254 1558 1181 1645; baseline 0.001 -17"><span class='ocrx_word' id='word_1_64' title='bbox 254 1564 299 1628; x_wconf 86' lang='lat' dir='ltr'><strong>ita</strong></span> <span class='ocrx_word' id='word_1_65' title='bbox 326 1574 476 1645; x_wconf 80' lang='lat' dir='ltr'><strong>perpetua</strong></span> <span class='ocrx_word' id='word_1_66' title='bbox 507 1558 651 1643; x_wconf 79' lang='lat' dir='ltr'><strong>proiecto</strong></span> <span class='ocrx_word' id='word_1_67' title='bbox 689 1575 720 1629; x_wconf 90' lang='lat' dir='ltr'><strong>ct</strong></span> <span class='ocrx_word' id='word_1_68' title='bbox 750 1576 898 1629; x_wconf 82' lang='lat' dir='ltr'><strong>constans</strong></span> <span class='ocrx_word' id='word_1_69' title='bbox 935 1562 1010 1631; x_wconf 84' lang='lat' dir='ltr'><strong>haec</strong></span> <span class='ocrx_word' id='word_1_70' title='bbox 1040 1560 1181 1629; x_wconf 87' lang='lat' dir='ltr'><strong>doctriua</strong></span> 
     </span>
     <span class='ocr_line' id='line_1_11' title="bbox 169 1676 1183 1762; baseline -0.002 -15"><span class='ocrx_word' id='word_1_71' title='bbox 169 1726 173 1733; x_wconf 87' lang='lat'>-</span> <span class='ocrx_word' id='word_1_72' title='bbox 254 1676 390 1759; x_wconf 82' lang='lat' dir='ltr'><strong>fuisset,</strong></span> <span class='ocrx_word' id='word_1_73' title='bbox 409 1677 470 1745; x_wconf 91' lang='lat' dir='ltr'><strong>nisi</strong></span> <span class='ocrx_word' id='word_1_74' title='bbox 487 1676 677 1761; x_wconf 78' lang='lat' dir='ltr'><strong>habuisset,</strong></span> <span class='ocrx_word' id='word_1_75' title='bbox 701 1698 763 1762; x_wconf 91' lang='lat' dir='ltr'><strong>qua</strong></span> <span class='ocrx_word' id='word_1_76' title='bbox 780 1699 815 1748; x_wconf 93' lang='lat' dir='ltr'><strong>se</strong></span> <span class='ocrx_word' id='word_1_77' title='bbox 832 1682 1082 1762; x_wconf 79' lang='lat' dir='ltr'><strong>commendaret,</strong></span> <span class='ocrx_word' id='word_1_78' title='bbox 1100 1680 1183 1747; x_wconf 83' lang='lat' dir='ltr'><strong>aeri·</strong></span> 
     </span>
    </p>
   </div>
   <div class='ocr_carea' id='block_1_6' title="bbox 150 1795 1298 1885">
    <p class='ocr_par' dir='ltr' id='par_1_6' title="bbox 150 1795 1298 1885">
     <span class='ocr_line' id='line_1_12' title="bbox 150 1795 1298 1885; baseline 0.012 -36"><span class='ocrx_word' id='word_1_79' title='bbox 150 1842 155 1849; x_wconf 95' lang='lat'>.</span> <span class='ocrx_word' id='word_1_80' title='bbox 255 1796 329 1863; x_wconf 77' lang='lat' dir='ltr'><strong>tatis</strong></span> <span class='ocrx_word' id='word_1_81' title='bbox 345 1795 495 1881; x_wconf 85' lang='lat' dir='ltr'><strong>speciem.</strong></span> <span class='ocrx_word' id='word_1_82' title='bbox 536 1795 634 1882; x_wconf 90' lang='lat' dir='ltr'><strong>Quod</strong></span> <span class='ocrx_word' id='word_1_83' title='bbox 662 1797 702 1868; x_wconf 88' lang='lat' dir='ltr'><strong>de</strong></span> <span class='ocrx_word' id='word_1_84' title='bbox 727 1799 825 1863; x_wconf 88' lang='lat' dir='ltr'><strong>altero</strong></span> <span class='ocrx_word' id='word_1_85' title='bbox 851 1798 925 1863; x_wconf 87' lang='lat' dir='ltr'><strong>item</strong></span> <span class='ocrx_word' id='word_1_86' title='bbox 954 1797 1182 1880; x_wconf 82' lang='lat' dir='ltr'><strong>Thrasymachi</strong></span> <span class='ocrx_word' id='word_1_87' title='bbox 1281 1854 1298 1885; x_wconf 39' lang='grc'><strong>,,</strong></span> 
     </span>
    </p>
   </div>
   <div class='ocr_carea' id='block_1_7' title="bbox 255 1909 1184 2000">
    <p class='ocr_par' dir='ltr' id='par_1_7' title="bbox 255 1909 1184 2000">
     <span class='ocr_line' id='line_1_13' title="bbox 255 1909 1184 2000; baseline -0.001 -21"><span class='ocrx_word' id='word_1_88' title='bbox 255 1911 394 1996; x_wconf 88' lang='lat' dir='ltr'><strong>placito,</strong></span> <span class='ocrx_word' id='word_1_89' title='bbox 415 1909 460 1979; x_wconf 79' lang='lat' dir='ltr'><strong>ad</strong></span> <span class='ocrx_word' id='word_1_90' title='bbox 470 1912 661 1992; x_wconf 75' lang='lat' dir='ltr'><strong>felicitatem</strong></span> <span class='ocrx_word' id='word_1_91' title='bbox 678 1911 752 2000; x_wconf 80' lang='lat' dir='ltr'><strong>plus</strong></span> <span class='ocrx_word' id='word_1_92' title='bbox 771 1912 986 1992; x_wconf 53' lang='lat' dir='ltr'><strong>innantium,</strong></span> <span class='ocrx_word' id='word_1_93' title='bbox 1004 1932 1099 1998; x_wconf 82' lang='lat' dir='ltr'><strong>quam</strong></span> <span class='ocrx_word' id='word_1_94' title='bbox 1111 1913 1184 1994; x_wconf 75' lang='lat' dir='ltr'><strong>sus·</strong></span> 
     </span>
    </p>
   </div>
   <div class='ocr_carea' id='block_1_8' title="bbox 122 2025 1186 2113">
    <p class='ocr_par' dir='ltr' id='par_1_8' title="bbox 122 2025 1186 2113">
     <span class='ocr_line' id='line_1_14' title="bbox 122 2025 1186 2113; baseline -0.001 -18"><span class='ocrx_word' id='word_1_95' title='bbox 122 2033 127 2041; x_wconf 87' lang='lat'>&#39;</span> <span class='ocrx_word' id='word_1_96' title='bbox 258 2031 364 2104; x_wconf 79' lang='lat' dir='ltr'><strong>citiam</strong></span> <span class='ocrx_word' id='word_1_97' title='bbox 380 2027 510 2111; x_wconf 74' lang='lat' dir='ltr'><strong>ualere,</strong></span> <span class='ocrx_word' id='word_1_98' title='bbox 535 2042 567 2091; x_wconf 89' lang='lat' dir='ltr'><strong>et</strong></span> <span class='ocrx_word' id='word_1_99' title='bbox 589 2028 705 2113; x_wconf 82' lang='lat' dir='ltr'><strong>majore</strong></span> <span class='ocrx_word' id='word_1_100' title='bbox 731 2025 821 2093; x_wconf 88' lang='lat' dir='ltr'><strong>ctiam</strong></span> <span class='ocrx_word' id='word_1_101' title='bbox 842 2025 1062 2110; x_wconf 76' lang='lat' dir='ltr'><strong>probabilitate</strong></span> <span class='ocrx_word' id='word_1_102' title='bbox 1079 2026 1186 2094; x_wconf 89' lang='lat' dir='ltr'><strong>dicen·</strong></span> 
     </span>
    </p>
   </div>
   <div class='ocr_carea' id='block_1_9' title="bbox 257 2127 1218 2809">
    <p class='ocr_par' dir='ltr' id='par_1_9' title="bbox 257 2127 1218 2809">
     <span class='ocr_line' id='line_1_15' title="bbox 257 2127 1185 2240; baseline 0 -29"><span class='ocrx_word' id='word_1_103' title='bbox 257 2146 330 2212; x_wconf 91' lang='lat' dir='ltr'><strong>dum</strong></span> <span class='ocrx_word' id='word_1_104' title='bbox 351 2157 412 2211; x_wconf 78' lang='lat' dir='ltr'><strong>est.</strong></span> <span class='ocrx_word' id='word_1_105' title='bbox 454 2142 665 2240; x_wconf 85' lang='lat' dir='ltr'><strong>Quamobrem</strong></span> <span class='ocrx_word' id='word_1_106' title='bbox 686 2144 774 2211; x_wconf 86' lang='lat' dir='ltr'><strong>Plato</strong></span> <span class='ocrx_word' id='word_1_107' title='bbox 794 2141 828 2213; x_wconf 90' lang='lat' dir='ltr'><strong>in</strong></span> <span class='ocrx_word' id='word_1_108' title='bbox 847 2143 910 2210; x_wconf 93' lang='lat' dir='ltr'><strong>hoc</strong></span> <span class='ocrx_word' id='word_1_109' title='bbox 931 2141 1076 2229; x_wconf 81' lang='lat' dir='ltr'><strong>dialogo,</strong></span> <span class='ocrx_word' id='word_1_110' title='bbox 1096 2127 1185 2228; x_wconf 89' lang='lat' dir='ltr'><strong>post·</strong></span> 
     </span>
     <span class='ocr_line' id='line_1_16' title="bbox 258 2259 1218 2348; baseline 0.005 -22"><span class='ocrx_word' id='word_1_111' title='bbox 258 2279 352 2345; x_wconf 89' lang='lat' dir='ltr'><strong>quam</strong></span> <span class='ocrx_word' id='word_1_112' title='bbox 377 2262 543 2345; x_wconf 90' lang='lat' dir='ltr'><strong>consopita</strong></span> <span class='ocrx_word' id='word_1_113' title='bbox 569 2260 693 2327; x_wconf 90' lang='lat' dir='ltr'><strong>tandem</strong></span> <span class='ocrx_word' id='word_1_114' title='bbox 722 2259 861 2328; x_wconf 85' lang='lat' dir='ltr'><strong>Socratis</strong></span> <span class='ocrx_word' id='word_1_115' title='bbox 883 2260 1025 2329; x_wconf 87' lang='lat' dir='ltr'><strong>oratione</strong></span> <span class='ocrx_word' id='word_1_116' title='bbox 1046 2261 1186 2348; x_wconf 84' lang='lat' dir='ltr'><strong>Thrasy·</strong></span> <span class='ocrx_word' id='word_1_117' title='bbox 1216 2302 1218 2307; x_wconf 93' lang='lat'>·</span> 
     </span>
     <span class='ocr_line' id='line_1_17' title="bbox 258 2374 1185 2460; baseline 0.005 -15"><span class='ocrx_word' id='word_1_118' title='bbox 258 2377 359 2454; x_wconf 73' lang='lat' dir='ltr'><strong>mccli</strong></span> <span class='ocrx_word' id='word_1_119' title='bbox 377 2374 523 2445; x_wconf 89' lang='lat' dir='ltr'><strong>ferocitas</strong></span> <span class='ocrx_word' id='word_1_120' title='bbox 541 2390 614 2460; x_wconf 88' lang='lat' dir='ltr'><strong>est,</strong></span> <span class='ocrx_word' id='word_1_121' title='bbox 633 2375 829 2445; x_wconf 88' lang='lat' dir='ltr'><strong>Glauconem</strong></span> <span class='ocrx_word' id='word_1_122' title='bbox 850 2393 882 2445; x_wconf 90' lang='lat' dir='ltr'><strong>et</strong></span> <span class='ocrx_word' id='word_1_123' title='bbox 898 2379 1099 2448; x_wconf 86' lang='lat' dir='ltr'><strong>Adimantum</strong></span> <span class='ocrx_word' id='word_1_124' title='bbox 1118 2402 1185 2451; x_wconf 90' lang='lat' dir='ltr'><strong>rem</strong></span> 
     </span>
     <span class='ocr_line' id='line_1_18' title="bbox 258 2491 1185 2585; baseline 0.006 -26"><span class='ocrx_word' id='word_1_125' title='bbox 258 2493 389 2569; x_wconf 87' lang='lat' dir='ltr'><strong>interius</strong></span> <span class='ocrx_word' id='word_1_126' title='bbox 418 2491 609 2585; x_wconf 87' lang='lat' dir='ltr'><strong>inquirentes</strong></span> <span class='ocrx_word' id='word_1_127' title='bbox 637 2492 783 2577; x_wconf 86' lang='lat' dir='ltr'><strong>induxit,</strong></span> <span class='ocrx_word' id='word_1_128' title='bbox 813 2510 872 2578; x_wconf 92' lang='lat' dir='ltr'><strong>ut,</strong></span> <span class='ocrx_word' id='word_1_129' title='bbox 897 2494 973 2576; x_wconf 92' lang='lat' dir='ltr'><strong>quid</strong></span> <span class='ocrx_word' id='word_1_130' title='bbox 997 2498 1119 2565; x_wconf 88' lang='lat' dir='ltr'><strong>tandem</strong></span> <span class='ocrx_word' id='word_1_131' title='bbox 1146 2499 1185 2565; x_wconf 89' lang='lat' dir='ltr'><strong>de</strong></span> 
     </span>
     <span class='ocr_line' id='line_1_19' title="bbox 258 2605 1186 2695; baseline 0.005 -19"><span class='ocrx_word' id='word_1_132' title='bbox 258 2610 302 2676; x_wconf 86' lang='lat' dir='ltr'><strong>rei</strong></span> <span class='ocrx_word' id='word_1_133' title='bbox 318 2605 517 2695; x_wconf 73' lang='lat' dir='ltr'><strong>gravissimae</strong></span> <span class='ocrx_word' id='word_1_134' title='bbox 528 2628 593 2685; x_wconf 83' lang='lat' dir='ltr'><strong>non</strong></span> <span class='ocrx_word' id='word_1_135' title='bbox 609 2610 750 2677; x_wconf 84' lang='lat' dir='ltr'><strong>veritatis</strong></span> <span class='ocrx_word' id='word_1_136' title='bbox 770 2610 901 2693; x_wconf 84' lang='lat' dir='ltr'><strong>quadam</strong></span> <span class='ocrx_word' id='word_1_137' title='bbox 919 2612 1043 2695; x_wconf 87' lang='lat' dir='ltr'><strong>specie,</strong></span> <span class='ocrx_word' id='word_1_138' title='bbox 1063 2615 1118 2682; x_wconf 85' lang='lat' dir='ltr'><strong>sed</strong></span> <span class='ocrx_word' id='word_1_139' title='bbox 1133 2633 1186 2681; x_wconf 85' lang='lat' dir='ltr'><strong>vc·</strong></span> 
     </span>
     <span class='ocr_line' id='line_1_20' title="bbox 258 2727 884 2809; baseline -0.003 -16"><span class='ocrx_word' id='word_1_140' title='bbox 258 2727 350 2807; x_wconf 78' lang='lat' dir='ltr'><strong>ritate</strong></span> <span class='ocrx_word' id='word_1_141' title='bbox 374 2728 610 2799; x_wconf 78' lang='lat' dir='ltr'><strong>existimandum</strong></span> <span class='ocrx_word' id='word_1_142' title='bbox 631 2740 734 2808; x_wconf 88' lang='lat' dir='ltr'><strong>esset,</strong></span> <span class='ocrx_word' id='word_1_143' title='bbox 755 2740 884 2809; x_wconf 86' lang='lat' dir='ltr'><strong>pateret.</strong></span> 
     </span>
    </p>
   </div>
   <div class='ocr_carea' id='block_1_10' title="bbox 314 2963 1165 3284">
    <p class='ocr_par' dir='ltr' id='par_1_10' title="bbox 314 2963 1165 3284">
     <span class='ocr_line' id='line_1_21' title="bbox 499 2963 942 3035; baseline 0.002 -5"><span class='ocrx_word' id='word_1_144' title='bbox 499 2963 739 3031; x_wconf 78' lang='lat' dir='ltr'><strong>iustissimi</strong></span> <span class='ocrx_word' id='word_1_145' title='bbox 765 2964 942 3035; x_wconf 73' lang='lat' dir='ltr'><strong>dominis</strong></span> 
     </span>
     <span class='ocr_line' id='line_1_22' title="bbox 314 3078 1165 3161; baseline 0.009 -16"><span class='ocrx_word' id='word_1_146' title='bbox 314 3092 352 3145; x_wconf 81' lang='lat' dir='ltr'><strong>ct</strong></span> <span class='ocrx_word' id='word_1_147' title='bbox 378 3078 678 3161; x_wconf 71' lang='lat' dir='ltr'><strong>injustissimi,</strong></span> <span class='ocrx_word' id='word_1_148' title='bbox 699 3080 945 3161; x_wconf 75' lang='lat' dir='ltr'><strong>felicitatis</strong></span> <span class='ocrx_word' id='word_1_149' title='bbox 968 3085 1165 3153; x_wconf 79' lang='lat' dir='ltr'><strong>cacionc‘</strong></span> 
     </span>
     <span class='ocr_line' id='line_1_23' title="bbox 482 3193 964 3284; baseline 0.008 -24"><span class='ocrx_word' id='word_1_150' title='bbox 482 3193 657 3277; x_wconf 69' lang='lat' dir='ltr'><strong>habita,</strong></span> <span class='ocrx_word' id='word_1_151' title='bbox 680 3203 964 3284; x_wconf 66' lang='lat' dir='ltr'><strong>comparatio.</strong></span> 
     </span>
    </p>
   </div>
   <div class='ocr_carea' id='block_1_11' title="bbox 256 3427 1287 4198">
    <p class='ocr_par' dir='ltr' id='par_1_11' title="bbox 256 3427 1287 4105">
     <span class='ocr_line' id='line_1_24' title="bbox 313 3427 1186 3512; baseline 0.008 -16"><span class='ocrx_word' id='word_1_152' title='bbox 313 3427 367 3496; x_wconf 83' lang='lat' dir='ltr'><strong>Sic</strong></span> <span class='ocrx_word' id='word_1_153' title='bbox 406 3427 500 3512; x_wconf 81' lang='lat' dir='ltr'><strong>igitur</strong></span> <span class='ocrx_word' id='word_1_154' title='bbox 539 3427 685 3512; x_wconf 86' lang='lat' dir='ltr'><strong>deinceps</strong></span> <span class='ocrx_word' id='word_1_155' title='bbox 728 3429 812 3510; x_wconf 90' lang='lat' dir='ltr'><strong>apud</strong></span> <span class='ocrx_word' id='word_1_156' title='bbox 849 3431 1008 3499; x_wconf 85' lang='lat' dir='ltr'><strong>Platonem</strong></span> <span class='ocrx_word' id='word_1_157' title='bbox 1048 3435 1186 3504; x_wconf 84' lang='lat' dir='ltr'><strong>Glauco.</strong></span> 
     </span>
     <span class='ocr_line' id='line_1_25' title="bbox 261 3545 1185 3636; baseline 0.003 -25"><span class='ocrx_word' id='word_1_158' title='bbox 261 3545 538 3631; x_wconf 85' lang='lat' dir='ltr'><strong>Thrasymachus,</strong></span> <span class='ocrx_word' id='word_1_159' title='bbox 554 3545 638 3626; x_wconf 88' lang='lat' dir='ltr'><strong>ait,</strong></span> <span class='ocrx_word' id='word_1_160' title='bbox 669 3545 703 3610; x_wconf 91' lang='lat' dir='ltr'><strong>in</strong></span> <span class='ocrx_word' id='word_1_161' title='bbox 726 3545 909 3615; x_wconf 78' lang='lat' dir='ltr'><strong>celebrandi</strong></span> <span class='ocrx_word' id='word_1_162' title='bbox 931 3549 1110 3636; x_wconf 76' lang='lat' dir='ltr'><strong>injustitia,</strong></span> <span class='ocrx_word' id='word_1_163' title='bbox 1149 3569 1185 3616; x_wconf 90' lang='lat' dir='ltr'><strong>ae</strong></span> 
     </span>
     <span class='ocr_line' id='line_1_26' title="bbox 256 3646 1188 3749; baseline 0.006 -21"><span class='ocrx_word' id='word_1_164' title='bbox 256 3662 380 3745; x_wconf 79' lang='lat' dir='ltr'><strong>iustitia</strong></span> <span class='ocrx_word' id='word_1_165' title='bbox 417 3662 619 3746; x_wconf 76' lang='lat' dir='ltr'><strong>vituperandi</strong></span> <span class='ocrx_word' id='word_1_166' title='bbox 652 3661 907 3749; x_wconf 80' lang='lat' dir='ltr'><strong>rejiciendlque,</strong></span> <span class='ocrx_word' id='word_1_167' title='bbox 945 3646 1110 3748; x_wconf 80' lang='lat' dir='ltr'><strong>utriusque</strong></span> <span class='ocrx_word' id='word_1_168' title='bbox 1140 3686 1188 3734; x_wconf 87' lang='lat' dir='ltr'><strong>re·</strong></span> 
     </span>
     <span class='ocr_line' id='line_1_27' title="bbox 261 3778 1190 3870; baseline 0.013 -29"><span class='ocrx_word' id='word_1_169' title='bbox 261 3778 402 3859; x_wconf 86' lang='lat' dir='ltr'><strong>spexisse</strong></span> <span class='ocrx_word' id='word_1_170' title='bbox 416 3781 614 3848; x_wconf 91' lang='lat' dir='ltr'><strong>commodum</strong></span> <span class='ocrx_word' id='word_1_171' title='bbox 634 3794 665 3845; x_wconf 92' lang='lat' dir='ltr'><strong>et</strong></span> <span class='ocrx_word' id='word_1_172' title='bbox 689 3780 921 3853; x_wconf 86' lang='lat' dir='ltr'><strong>incommodum</strong></span> <span class='ocrx_word' id='word_1_173' title='bbox 941 3784 1078 3857; x_wconf 82' lang='lat' dir='ltr'><strong>videtur.</strong></span> <span class='ocrx_word' id='word_1_174' title='bbox 1117 3782 1190 3870; x_wconf 83' lang='lat' dir='ltr'><strong>Ego</strong></span> 
     </span>
     <span class='ocr_line' id='line_1_28' title="bbox 259 3895 1192 3987; baseline 0.01 -19"><span class='ocrx_word' id='word_1_175' title='bbox 259 3910 360 3975; x_wconf 72' lang='lat' dir='ltr'><strong>lew,</strong></span> <span class='ocrx_word' id='word_1_176' title='bbox 384 3896 460 3977; x_wconf 79' lang='lat' dir='ltr'><strong>quid</strong></span> <span class='ocrx_word' id='word_1_177' title='bbox 480 3895 566 3980; x_wconf 69' lang='lat' dir='ltr'><strong>ipsae</strong></span> <span class='ocrx_word' id='word_1_178' title='bbox 585 3897 671 3979; x_wconf 70' lang='lat' dir='ltr'><strong>Sint,</strong></span> <span class='ocrx_word' id='word_1_179' title='bbox 687 3903 749 3985; x_wconf 21' lang='lat' dir='ltr'><strong>suoi</strong></span> <span class='ocrx_word' id='word_1_180' title='bbox 771 3903 840 3972; x_wconf 79' lang='lat' dir='ltr'><strong>ciac</strong></span> <span class='ocrx_word' id='word_1_181' title='bbox 860 3902 928 3987; x_wconf 70' lang='grc' dir='ltr'><strong>ἔχει</strong></span> <span class='ocrx_word' id='word_1_182' title='bbox 948 3904 1086 3987; x_wconf 71' lang='grc' dir='ltr'><strong>ἑκάτερον</strong></span> <span class='ocrx_word' id='word_1_183' title='bbox 1103 3906 1192 3977; x_wconf 69' lang='grc' dir='ltr'>δύνα-</span> 
     </span>
     <span class='ocr_line' id='line_1_29' title="bbox 260 4018 1287 4105; baseline 0.002 -22"><span class='ocrx_word' id='word_1_184' title='bbox 260 4039 310 4101; x_wconf 75' lang='grc' dir='ltr'><strong>μιν</strong></span> <span class='ocrx_word' id='word_1_185' title='bbox 329 4018 402 4085; x_wconf 71' lang='grc' dir='ltr'><strong>αὐτὸ</strong></span> <span class='ocrx_word' id='word_1_186' title='bbox 424 4019 487 4083; x_wconf 71' lang='lat' dir='ltr'><strong>nol·</strong></span> <span class='ocrx_word' id='word_1_187' title='bbox 508 4020 581 4086; x_wconf 72' lang='lat' dir='ltr'><strong>oiri</strong></span> <span class='ocrx_word' id='word_1_188' title='bbox 602 4021 662 4088; x_wconf 76' lang='grc' dir='ltr'><strong>ἐνὸν</strong></span> <span class='ocrx_word' id='word_1_189' title='bbox 685 4024 714 4088; x_wconf 79' lang='grc' dir='ltr'><strong>ἐν</strong></span> <span class='ocrx_word' id='word_1_190' title='bbox 736 4029 775 4101; x_wconf 73' lang='grc' dir='ltr'><strong>τῇ</strong></span> <span class='ocrx_word' id='word_1_191' title='bbox 796 4028 904 4100; x_wconf 62' lang='lat' dir='ltr'><strong>duxit</strong></span> <span class='ocrx_word' id='word_1_192' title='bbox 936 4036 1030 4105; x_wconf 85' lang='lat' dir='ltr'><strong>quam</strong></span> <span class='ocrx_word' id='word_1_193' title='bbox 1053 4034 1191 4104; x_wconf 73' lang='lat' dir='ltr'><strong>utraque</strong></span> <span class='ocrx_word' id='word_1_194' title='bbox 1278 4048 1287 4054; x_wconf 93' lang='lat'><strong>··</strong></span> 
     </span>
    </p>

    <p class='ocr_par' dir='ltr' id='par_1_12' title="bbox 426 4132 1190 4198">
     <span class='ocr_line' id='line_1_30' title="bbox 426 4132 1190 4198; baseline 0.004 -4"><span class='ocrx_word' id='word_1_195' title='bbox 426 4132 428 4137; x_wconf 80' lang='grc'>’</span> <span class='ocrx_word' id='word_1_196' title='bbox 1126 4136 1190 4198; x_wconf 75' lang='lat' dir='ltr'><strong>uim</strong></span> 
     </span>
    </p>
   </div>
   <div class='ocr_carea' id='block_1_12' title="bbox 0 0 1475 5168">
    <p class='ocr_par' dir='ltr' id='par_1_13' title="bbox 0 0 1475 5168">
     <span class='ocr_line' id='line_1_31' title="bbox 0 0 1475 5168; baseline 0 0"><span class='ocrx_word' id='word_1_197' title='bbox 0 0 1475 5168; x_wconf 95' lang='lat' dir='ltr'><strong> </strong></span> 
     </span>
    </p>
   </div>
  </div>
 </body>
</html>
