2896 5168
534 559 537 566 ,
624 488 819 549 -uu-

256 651 361 718 timam
383 649 499 731 optima
522 647 704 714 informetur
729 646 852 714 ciuitas.
903 647 1181 736 Veruntamenhis

254 786 315 852 ego
338 765 452 831 finibus
478 783 542 829 non
561 764 700 830 cohiberi
724 763 905 848 philosophi
928 764 1092 832 consilium
1115 785 1183 833 cte·

254 887 336 949 dant.
403 883 446 946 Ut
480 881 586 964 paucis
613 883 822 965 complectar,
862 900 919 947 nec
947 883 1103 968 politicum
1132 898 1182 950 est

254 1000 440 1078 dicendum,
466 1017 522 1064 nce
547 998 788 1084 paedagogium
816 997 996 1080 palmatium
1029 998 1089 1063 hoc
1117 999 1185 1066 Pla·

255 1115 342 1182 tonis
362 1134 465 1198 opus,
499 1117 554 1181 sed
582 1116 757 1180 ethicam
788 1113 1007 1196 complectitur
1038 1114 1181 1198 proprie,

253 1235 343 1296 talem
376 1249 475 1296 autem
509 1231 613 1310 illam,
657 1233 777 1313 qualem
807 1247 879 1296 ante
901 1233 1080 1310 Platonem,
1120 1232 1183 1298 imo

252 1368 328 1413 uero
358 1366 398 1414 ne
432 1362 507 1432 post
539 1368 608 1412 eunt
639 1351 714 1415 adeo
747 1351 786 1414 ad
819 1348 897 1413 hanc
928 1367 1028 1430 nsque
1056 1366 1183 1416 aetatem

253 1481 389 1533 nostram
414 1467 519 1532 nullus
544 1484 679 1547 unquam
709 1463 813 1532 animo
841 1462 1019 1550 conceperit
1041 1463 1185 1548 philoso-

202 1580 204 1587 ’
258 1585 354 1665 plius.

295 1697 388 1764 Unus
414 1698 534 1764 scilicet
561 1696 661 1764 adhuc
688 1698 774 1763 omni
800 1715 879 1764 aeuo
906 1696 993 1762 Plato
1021 1696 1106 1778 fuit,
1128 1693 1186 1779 qul

253 1813 284 1880 in
311 1817 435 1880 ciuitate
461 1814 641 1893 hominem,
672 1815 704 1880 itt
735 1815 860 1880 homine
892 1814 1047 1881 civitatem
1079 1814 1188 1898 explo-

251 1950 344 1997 taret.
398 1932 493 2015 Quod
516 1931 636 1997 institui
658 1932 741 2012 apud
762 1931 903 1997 Graecos
927 1930 1069 2013 facilius,
1092 1950 1184 2014 quant

251 2049 335 2129 apud
360 2064 421 2112 nos
450 2045 555 2127 potuit
613 2046 691 2110 Nam
714 2046 778 2110 vita
799 2046 921 2112 illorum
941 2051 981 2115 ad
999 2048 1184 2128 civitatem,

246 2164 341 2246 cnjus
377 2163 462 2228 ciues
499 2176 611 2240 erant,
646 2177 711 2225 tota
741 2160 950 2230 refetelmtur:
996 2183 1059 2247 quo
1087 2164 1184 2248 magia

250 2279 345 2362 hujus
374 2277 506 2358 imagine
536 2278 567 2340 in
596 2277 792 2358 explorandis
821 2281 1063 2363 quibuscunque
1090 2281 1184 2348 rebus

253 2394 431 2460 utebantur.
492 2394 580 2459 Nihil
613 2413 660 2461 est
689 2411 815 2476 autem,
849 2415 913 2478 quo
942 2398 1045 2481 aptius
1074 2396 1186 2464 diluci-

248 2515 384 2593 diusque
419 2530 490 2576 curn
530 2511 673 2576 universe
711 2513 835 2593 ethica,
880 2529 946 2579 tunt
975 2514 1121 2594 quaestio
1152 2516 1184 2580 in

252 2629 362 2712 primis
391 2629 430 2694 de
458 2630 578 2712 justitia
617 2629 767 2710 beataque
796 2629 858 2695 vita
888 2629 1033 2712 explicati
1066 2632 1183 2713 possit.

253 2750 333 2814 Nam
363 2767 432 2813 cum
462 2745 642 2813 hominibus
671 2760 815 2811 constent
845 2743 1008 2825 civitates,
1034 2759 1064 2810 et
1095 2745 1183 2827 quic·

238 2864 330 2948 -quid
361 2865 391 2930 in
423 2863 461 2930 iis
492 2863 553 2944 iit,
594 2865 633 2928 ab
668 2862 850 2928 hominibus
881 2863 1079 2943 repetendum
1116 2861 1181 2942 sit,

253 2979 462 3062 spectaculum
494 2981 563 3044 illae
593 2998 737 3063 magnum
773 2994 804 3042 et
836 2978 956 3043 illustre
991 2978 1184 3062 philosopho

252 3097 425 3179 praebent,
458 3096 490 3159 in
527 3116 591 3177 quo
628 3097 788 3160 hominem
833 3094 985 3177 exploret.
1049 3095 1184 3178 Veluti,

255 3212 341 3293 qnod
372 3210 533 3277 facultates
562 3211 655 3276 animi
690 3213 837 3289 liutuani,
871 3211 1042 3294 rationem,
1065 3214 1187 3298 cupidi·

253 3344 354 3410 tates,
392 3331 481 3411 toph
508 3329 639 3407 attinet,
681 3328 734 3408 qui
760 3342 858 3392 semet
885 3327 952 3409 ipse
983 3332 1089 3411 paullo
1117 3334 1186 3400 dili·

254 3447 377 3529 gentius
409 3463 597 3529 cognoscere
627 3446 765 3522 studuit,
815 3447 921 3525 quales
952 3447 1017 3512 sint
1046 3450 1117 3516 illae
1153 3467 1185 3516 et

255 3563 509 3646 quemadmodum
540 3580 556 3625 a
586 3580 620 3625 se
648 3560 779 3626 invicem
809 3561 1063 3648 distinguendae,
1094 3565 1183 3631 facile

254 3680 464 3762 perspexerit;
498 3679 554 3742 sed
583 3660 761 3741 incivitate
793 3678 917 3745 demum
944 3684 1064 3748 eaedem
1092 3681 1182 3762 illae,

253 3809 407 3875 tamquam
439 3792 470 3856 in
493 3793 606 3858 illustri
630 3794 762 3873 quodam
791 3797 883 3877 loco,
905 3778 1063 3880 apparent.
1107 3796 1181 3864 lude

253 3923 354 3974 tutent
384 3909 581 3989 quaestiones
606 3929 713 3975 omnes
746 3914 783 3977 de
813 3913 983 3979 virtutibus
1011 3931 1046 3976 ac
1071 3912 1179 3996 vitiis,

252 4043 334 4106 quae
364 4026 576 4110 gratissimum
608 4028 767 4096 cantinent
799 4031 914 4097 ethicae
942 4048 1179 4115 argumentum,

1076 4190 1081 4201 .
1135 4173 1182 4221 fe·
