2896 5168
606 490 835 556 ’-ψ
926 515 928 524 ,

271 652 457 721 admirabilis
479 655 624 735 quaedam
646 654 864 737 philosophiae
888 651 1060 720 Platonicae
1080 657 1202 739 simpli⁴

267 773 368 851 citas,
393 790 448 851 nt,
471 791 549 852 quae
572 787 827 850 praecesserunt,
849 786 1030 851 praeparent
1052 791 1111 839 nus
1134 772 1206 838 sere-

267 888 305 951 ad
328 890 468 970 proxima
490 887 703 969 intelligenda:
733 907 907 968 quaerero
934 878 1197 971 subsequuntur,

265 1005 426 1084 superiora
446 1006 621 1070 illustrent:
644 1021 796 1070 caeterum
818 1006 871 1070 vix
893 1005 1061 1091 quidquam
1086 1025 1198 1072 occur-

264 1134 333 1198 rat,
351 1122 436 1200 quod
452 1138 516 1184 non
537 1123 766 1202 quodammodo
788 1138 943 1203 speratum
966 1139 1198 1206 exspectatum·

265 1257 326 1318 que
349 1236 454 1302 fuerit.
499 1239 593 1323 Quod
623 1257 704 1321 nus,
735 1241 766 1302 ni
796 1237 952 1320 fallimur,
981 1255 1133 1323 perpetuo
1163 1239 1196 1303 in

262 1357 537 1438 disquisitionibus
557 1358 674 1421 nostris
693 1376 800 1439 reapse
816 1359 936 1438 experti
947 1377 1070 1423 sumus.
1089 1358 1193 1437 Nam,

262 1474 368 1554 prouti
397 1475 466 1550 ille,
494 1476 546 1554 qui
579 1479 609 1537 in
639 1475 736 1556 pulcri
764 1474 964 1554 philosoplrii
987 1491 1047 1536 nos
1070 1473 1193 1552 tenuit,

262 1591 419 1655 Diotimae
441 1593 479 1655 de
500 1591 548 1653 via
570 1591 608 1652 td
629 1593 771 1671 pulcrum
794 1590 896 1670 ipsum
922 1607 977 1669 per
1004 1608 1038 1651 se
1062 1590 1194 1670 conspi-

260 1706 402 1771 ciendum
434 1725 559 1785 sermo,
589 1722 679 1787 apros
709 1725 767 1768 nos
796 1703 891 1783 fecit,
914 1704 970 1784 qui
989 1704 1077 1784 veri,
1097 1710 1190 1774 αὐτοῦ

260 1829 313 1890 τοῦ
335 1824 437 1903 ὄντος,
460 1838 491 1885 et
515 1840 591 1885 vero
600 1823 686 1904 justi
705 1821 766 1884 vim
786 1824 1046 1900 adsequerentur,
1067 1819 1110 1884 ita
1126 1834 1192 1884 tota

259 1953 366 2001 nostra
389 1938 535 2018 deinceps
556 1940 594 2003 de
615 1957 689 2002 vero
710 1953 739 2001 et
756 1938 844 2020 justo
865 1937 1034 2018 disputatio
1054 1956 1091 2000 eo
1109 1936 1193 2018 apud

258 2073 319 2119 nos
339 2057 459 2135 valuit,
492 2072 525 2118 ur
553 2072 584 2119 et
615 2070 715 2120 totum
746 2073 917 2122 sermonem
945 2054 1031 2118 illurn
1057 2071 1088 2119 et
1114 2072 1191 2118 vero

258 2173 360 2254 pulcri
388 2174 449 2235 vim
476 2173 606 2255 ejusque
631 2189 703 2236 cum
731 2190 807 2236 vero
829 2185 859 2235 et
880 2173 968 2254 justo
987 2169 1191 2236 necessitudi-

257 2307 326 2354 nem
349 2289 478 2353 interius
502 2289 757 2370 perspiceremus.
793 2290 837 2353 Et
858 2292 971 2371 pariter
990 2308 1072 2354 nunc
1091 2289 1188 2354 nobis

257 2418 290 2471 et
311 2404 431 2486 singula
452 2421 482 2468 et
501 2408 665 2484 universa,
691 2426 769 2487 quae
791 2406 891 2470 adltuc
913 2407 1074 2484 vidimus,
1101 2405 1189 2472 suffi-

254 2521 358 2600 cient,
375 2538 457 2584 cerre
474 2524 644 2602 proderunt
661 2542 751 2601 quam
774 2525 964 2604 plurimum,
986 2527 1023 2588 ad
1044 2523 1187 2588 Platonis

254 2639 293 2704 de
316 2639 409 2703 rebus
429 2638 543 2702 divinis
567 2636 656 2700 effata
678 2638 873 2716 intelligenda
894 2655 989 2703 recte.
1046 2640 1186 2703 Naturae

254 2754 328 2818 haec
351 2756 429 2819 ratio
457 2771 526 2831 est,
555 2755 586 2816 in
612 2772 671 2832 qua
696 2769 766 2833 apra
798 2753 920 2832 sibique
946 2771 1084 2834 congrua
1110 2768 1185 2817 sunt

254 2873 377 2949 omnia,
399 2872 445 2935 nil
467 2871 560 2933 nobis
585 2888 703 2933 novum
726 2871 1033 2950 inexspectatumque
1050 2869 1198 2950 accidit,

255 2989 310 3051 sed
340 2987 472 3051 transitu
502 2984 650 3050 facillimo
687 2986 910 3065 lenissimoque
941 3001 971 3049 et
1002 2985 1124 3067 singula
1154 3000 1185 3051 et

256 3104 400 3170 universa
422 3106 588 3188 conjuncta
608 3119 767 3183 apparent.
811 3102 925 3186 Quid?
947 3104 1032 3181 quod
1059 3102 1187 3167 reverti·

253 3241 324 3286 mur
349 3221 401 3284 lrlc
431 3235 544 3301 sponte
570 3220 609 3283 ad
636 3221 738 3299 ipsum
763 3221 801 3282 de
830 3217 931 3282 animo
963 3218 1182 3299 prooemium,

254 3340 340 3418 quod
371 3351 523 3416 tamquam
565 3341 718 3418 τηλαυγὲς
747 3361 900 3418 arpeo-orror
942 3333 1000 3398 toti
1042 3334 1185 3415 philoso-

150 3540 152 3543 .
252 3454 344 3536 phiae
364 3453 523 3536 praemisit
544 3453 657 3519 Plato?
712 3452 905 3518 Conrincbat
923 3451 999 3514 illud
1022 3449 1182 3532 pristinam

251 3570 363 3648 animi,
381 3585 559 3650 anteaquam
581 3571 640 3632 hoc
660 3589 775 3651 corpus
793 3569 951 3645 induerat,
969 3567 1181 3633 conditionem

249 3691 457 3770 praeclaram,
487 3704 522 3750 ut
550 3690 624 3751 deos
653 3702 802 3765 secutus,
828 3688 860 3750 in
888 3689 960 3748 loco
990 3687 1181 3769 irrpooprlup

248 3807 437 3902 pulcerrimo
464 3808 669 3887 spectaculo,
697 3805 764 3885 ipsi
792 3802 959 3884 spectanda
979 3817 1009 3865 et
1031 3800 1128 3882 pulcri
1152 3814 1182 3863 et

247 3924 323 3988 boni
349 3938 380 3988 et
405 3924 504 4013 justi,
534 3923 596 3987 imo
620 3922 717 3987 suncti
740 3918 901 4000 divinique
923 3916 1061 4001 perfecti
1079 3916 1182 3999 specie

249 4036 415 4106 frueretur.
459 4041 559 4126 Quam
590 4038 682 4104 animi
711 4036 897 4122 pristinam,
922 4035 987 4102 imo
1012 4016 1181 4100 naturalem
1206 4091 1208 4094 Α

1107 4168 1183 4216 con·
