<?xml version="1.0" encoding="UTF-8"?>
<!DOCTYPE html PUBLIC "-//W3C//DTD XHTML 1.0 Transitional//EN"
    "http://www.w3.org/TR/xhtml1/DTD/xhtml1-transitional.dtd">
<html xmlns="http://www.w3.org/1999/xhtml" xml:lang="en" lang="en">
 <head>
  <title>
</title>
<meta http-equiv="Content-Type" content="text/html;charset=utf-8" />
  <meta name='ocr-system' content='tesseract 3.04.00' />
  <meta name='ocr-capabilities' content='ocr_page ocr_carea ocr_par ocr_line ocrx_word'/>
</head>
<body>
  <div class='ocr_page' id='page_1' title='image "./initiaphilosoph04heusgoog_0468.png"; bbox 0 0 2896 5168; ppageno 0'>
   <div class='ocr_carea' id='block_1_1' title="bbox 636 442 828 506">
    <p class='ocr_par' dir='ltr' id='par_1_1' title="bbox 636 442 828 506">
     <span class='ocr_line' id='line_1_1' title="bbox 636 442 828 506; baseline -0.005 0"><span class='ocrx_word' id='word_1_1' title='bbox 636 442 828 506; x_wconf 69' lang='lat'>—188-</span> 
     </span>
    </p>
   </div>
   <div class='ocr_carea' id='block_1_2' title="bbox 254 611 1186 1292">
    <p class='ocr_par' dir='ltr' id='par_1_2' title="bbox 254 611 1186 1292">
     <span class='ocr_line' id='line_1_2' title="bbox 258 611 1186 705; baseline 0.018 -27"><span class='ocrx_word' id='word_1_2' title='bbox 258 611 464 699; x_wconf 82' lang='lat' dir='ltr'><strong>Aristotelis3</strong></span> <span class='ocrx_word' id='word_1_3' title='bbox 509 617 666 683; x_wconf 88' lang='lat' dir='ltr'>Platonem</span> <span class='ocrx_word' id='word_1_4' title='bbox 703 639 780 686; x_wconf 83' lang='lat' dir='ltr'><strong>vero</strong></span> <span class='ocrx_word' id='word_1_5' title='bbox 817 625 1015 705; x_wconf 78' lang='lat' dir='ltr'><strong>praecepisse</strong></span> <span class='ocrx_word' id='word_1_6' title='bbox 1051 627 1186 695; x_wconf 87' lang='lat' dir='ltr'><strong>homini·</strong></span> 
     </span>
     <span class='ocr_line' id='line_1_3' title="bbox 259 731 1184 825; baseline 0.013 -29"><span class='ocrx_word' id='word_1_7' title='bbox 259 731 344 814; x_wconf 87' lang='lat' dir='ltr'><strong>bus,</strong></span> <span class='ocrx_word' id='word_1_8' title='bbox 367 748 403 799; x_wconf 93' lang='lat' dir='ltr'><strong>ut</strong></span> <span class='ocrx_word' id='word_1_9' title='bbox 424 738 466 804; x_wconf 70' lang='lat' dir='ltr'><strong>eal</strong></span> <span class='ocrx_word' id='word_1_10' title='bbox 492 740 605 816; x_wconf 75' lang='grc' dir='ltr'><strong><em>νοητὰ,</em></strong></span> <span class='ocrx_word' id='word_1_11' title='bbox 636 741 677 806; x_wconf 73' lang='lat' dir='ltr'><strong>ad</strong></span> <span class='ocrx_word' id='word_1_12' title='bbox 700 740 793 820; x_wconf 75' lang='lat' dir='ltr'><strong>daca,</strong></span> <span class='ocrx_word' id='word_1_13' title='bbox 827 754 863 805; x_wconf 89' lang='lat' dir='ltr'><strong>ut</strong></span> <span class='ocrx_word' id='word_1_14' title='bbox 889 740 992 822; x_wconf 85' lang='lat' dir='ltr'><strong>ideas,</strong></span> <span class='ocrx_word' id='word_1_15' title='bbox 1014 744 1184 825; x_wconf 86' lang='lat' dir='ltr'><strong>pulcrum,</strong></span> 
     </span>
     <span class='ocr_line' id='line_1_4' title="bbox 258 847 1181 943; baseline 0.013 -31"><span class='ocrx_word' id='word_1_16' title='bbox 258 847 398 930; x_wconf 85' lang='lat' dir='ltr'><strong>bonum,</strong></span> <span class='ocrx_word' id='word_1_17' title='bbox 436 852 577 934; x_wconf 87' lang='lat' dir='ltr'><strong>justum,</strong></span> <span class='ocrx_word' id='word_1_18' title='bbox 615 868 750 919; x_wconf 86' lang='lat' dir='ltr'><strong>caeteras</strong></span> <span class='ocrx_word' id='word_1_19' title='bbox 791 858 958 941; x_wconf 89' lang='lat' dir='ltr'><strong>cogitando</strong></span> <span class='ocrx_word' id='word_1_20' title='bbox 997 859 1181 943; x_wconf 88' lang='lat' dir='ltr'><strong>agendoque</strong></span> 
     </span>
     <span class='ocr_line' id='line_1_5' title="bbox 255 969 1182 1058; baseline 0.01 -28"><span class='ocrx_word' id='word_1_21' title='bbox 255 981 451 1049; x_wconf 77' lang='lat' dir='ltr'>spectarent:</span> <span class='ocrx_word' id='word_1_22' title='bbox 475 969 581 1033; x_wconf 88' lang='lat' dir='ltr'><strong>harum</strong></span> <span class='ocrx_word' id='word_1_23' title='bbox 604 985 707 1036; x_wconf 88' lang='lat' dir='ltr'><strong>autem</strong></span> <span class='ocrx_word' id='word_1_24' title='bbox 736 973 795 1038; x_wconf 87' lang='lat' dir='ltr'><strong>rite</strong></span> <span class='ocrx_word' id='word_1_25' title='bbox 820 975 1182 1058; x_wconf 83' lang='lat' dir='ltr'><strong>diligenterqueexplo·</strong></span> 
     </span>
     <span class='ocr_line' id='line_1_6' title="bbox 255 1084 1182 1158; baseline 0.012 -10"><span class='ocrx_word' id='word_1_26' title='bbox 255 1084 414 1148; x_wconf 85' lang='lat' dir='ltr'><strong>randarum</strong></span> <span class='ocrx_word' id='word_1_27' title='bbox 448 1085 597 1152; x_wconf 88' lang='lat' dir='ltr'><strong>studium·</strong></span> <span class='ocrx_word' id='word_1_28' title='bbox 612 1101 644 1151; x_wconf 92' lang='lat' dir='ltr'><strong>et</strong></span> <span class='ocrx_word' id='word_1_29' title='bbox 673 1089 782 1154; x_wconf 91' lang='lat' dir='ltr'><strong>cadere</strong></span> <span class='ocrx_word' id='word_1_30' title='bbox 808 1090 840 1154; x_wconf 93' lang='lat' dir='ltr'><strong>in</strong></span> <span class='ocrx_word' id='word_1_31' title='bbox 873 1092 1024 1158; x_wconf 81' lang='lat' dir='ltr'><strong>humanae</strong></span> <span class='ocrx_word' id='word_1_32' title='bbox 1054 1106 1182 1158; x_wconf 90' lang='lat' dir='ltr'><strong>naturae</strong></span> 
     </span>
     <span class='ocr_line' id='line_1_7' title="bbox 254 1196 1183 1292; baseline 0.015 -31"><span class='ocrx_word' id='word_1_33' title='bbox 254 1196 416 1266; x_wconf 84' lang='lat' dir='ltr'><strong>facultates</strong></span> <span class='ocrx_word' id='word_1_34' title='bbox 444 1214 475 1266; x_wconf 93' lang='lat' dir='ltr'><strong>et</strong></span> <span class='ocrx_word' id='word_1_35' title='bbox 503 1220 573 1270; x_wconf 90' lang='lat' dir='ltr'><strong>esse</strong></span> <span class='ocrx_word' id='word_1_36' title='bbox 601 1203 678 1267; x_wconf 89' lang='lat' dir='ltr'><strong>adeo</strong></span> <span class='ocrx_word' id='word_1_37' title='bbox 705 1204 823 1267; x_wconf 87' lang='lat' dir='ltr'><strong>homini</strong></span> <span class='ocrx_word' id='word_1_38' title='bbox 856 1207 894 1268; x_wconf 90' lang='lat' dir='ltr'><strong>ad</strong></span> <span class='ocrx_word' id='word_1_39' title='bbox 924 1221 1008 1272; x_wconf 90' lang='lat' dir='ltr'><strong>recte</strong></span> <span class='ocrx_word' id='word_1_40' title='bbox 1042 1208 1183 1292; x_wconf 89' lang='lat' dir='ltr'><strong>cogitan-</strong></span> 
     </span>
    </p>
   </div>
   <div class='ocr_carea' id='block_1_3' title="bbox 249 1315 1179 1517">
    <p class='ocr_par' dir='ltr' id='par_1_3' title="bbox 249 1315 1179 1517">
     <span class='ocr_line' id='line_1_8' title="bbox 251 1315 1178 1400; baseline 0.011 -21"><span class='ocrx_word' id='word_1_41' title='bbox 251 1315 325 1380; x_wconf 91' lang='lat' dir='ltr'><strong>dum</strong></span> <span class='ocrx_word' id='word_1_42' title='bbox 364 1319 580 1400; x_wconf 83' lang='lat' dir='ltr'><strong>agendumque</strong></span> <span class='ocrx_word' id='word_1_43' title='bbox 618 1317 837 1380; x_wconf 90' lang='lat' dir='ltr'><strong>necessarium.</strong></span> <span class='ocrx_word' id='word_1_44' title='bbox 898 1319 959 1381; x_wconf 89' lang='lat' dir='ltr'><strong>Sed</strong></span> <span class='ocrx_word' id='word_1_45' title='bbox 1000 1323 1178 1398; x_wconf 85' lang='lat' dir='ltr'><strong>quaerimus</strong></span> 
     </span>
     <span class='ocr_line' id='line_1_9' title="bbox 249 1429 1179 1517; baseline 0.002 -20"><span class='ocrx_word' id='word_1_46' title='bbox 249 1431 326 1512; x_wconf 85' lang='lat' dir='ltr'><strong>hle,</strong></span> <span class='ocrx_word' id='word_1_47' title='bbox 356 1432 456 1514; x_wconf 90' lang='lat' dir='ltr'><strong>qualis</strong></span> <span class='ocrx_word' id='word_1_48' title='bbox 478 1430 571 1493; x_wconf 91' lang='lat' dir='ltr'><strong>nobis</strong></span> <span class='ocrx_word' id='word_1_49' title='bbox 599 1429 720 1492; x_wconf 89' lang='lat' dir='ltr'><strong>tandem</strong></span> <span class='ocrx_word' id='word_1_50' title='bbox 751 1429 889 1494; x_wconf 84' lang='lat' dir='ltr'><strong>Platonis</strong></span> <span class='ocrx_word' id='word_1_51' title='bbox 917 1432 985 1495; x_wconf 88' lang='lat' dir='ltr'><strong>sive</strong></span> <span class='ocrx_word' id='word_1_52' title='bbox 1015 1437 1179 1517; x_wconf 84' lang='lat' dir='ltr'><strong>metaphy-</strong></span> 
     </span>
    </p>
   </div>
   <div class='ocr_carea' id='block_1_4' title="bbox 241 1545 1176 1978">
    <p class='ocr_par' dir='ltr' id='par_1_4' title="bbox 241 1545 1176 1978">
     <span class='ocr_line' id='line_1_10' title="bbox 250 1545 1176 1628; baseline 0.004 -17"><span class='ocrx_word' id='word_1_53' title='bbox 250 1548 312 1611; x_wconf 84' lang='lat' dir='ltr'><strong>sica</strong></span> <span class='ocrx_word' id='word_1_54' title='bbox 335 1547 377 1609; x_wconf 90' lang='lat' dir='ltr'><strong>sit</strong></span> <span class='ocrx_word' id='word_1_55' title='bbox 405 1563 483 1627; x_wconf 91' lang='lat' dir='ltr'><strong>quae</strong></span> <span class='ocrx_word' id='word_1_56' title='bbox 507 1545 602 1628; x_wconf 89' lang='lat' dir='ltr'><strong>vulgo</strong></span> <span class='ocrx_word' id='word_1_57' title='bbox 631 1545 825 1626; x_wconf 85' lang='lat' dir='ltr'><strong>appellatur,</strong></span> <span class='ocrx_word' id='word_1_58' title='bbox 856 1545 925 1611; x_wconf 91' lang='lat' dir='ltr'><strong>sive</strong></span> <span class='ocrx_word' id='word_1_59' title='bbox 954 1547 1091 1613; x_wconf 87' lang='lat' dir='ltr'><strong>doctrina</strong></span> <span class='ocrx_word' id='word_1_60' title='bbox 1109 1550 1176 1615; x_wconf 87' lang='lat' dir='ltr'><strong>veri</strong></span> 
     </span>
     <span class='ocr_line' id='line_1_11' title="bbox 241 1662 1174 1745; baseline 0.003 -18"><span class='ocrx_word' id='word_1_61' title='bbox 241 1680 441 1745; x_wconf 11' lang='lat' dir='ltr'><strong>‘quocunque</strong></span> <span class='ocrx_word' id='word_1_62' title='bbox 463 1663 585 1727; x_wconf 88' lang='lat' dir='ltr'><strong>tandem</strong></span> <span class='ocrx_word' id='word_1_63' title='bbox 612 1662 738 1726; x_wconf 87' lang='lat' dir='ltr'><strong>nornine</strong></span> <span class='ocrx_word' id='word_1_64' title='bbox 770 1663 1001 1745; x_wconf 85' lang='lat' dir='ltr'><strong>nuncupanda,</strong></span> <span class='ocrx_word' id='word_1_65' title='bbox 1046 1683 1107 1744; x_wconf 92' lang='lat' dir='ltr'><strong>qua</strong></span> <span class='ocrx_word' id='word_1_66' title='bbox 1135 1667 1174 1730; x_wconf 92' lang='lat' dir='ltr'><strong>ad</strong></span> 
     </span>
     <span class='ocr_line' id='line_1_12' title="bbox 246 1778 1173 1862; baseline 0.006 -16"><span class='ocrx_word' id='word_1_67' title='bbox 246 1780 439 1862; x_wconf 77' lang='lat' dir='ltr'><strong>assequenda</strong></span> <span class='ocrx_word' id='word_1_68' title='bbox 463 1779 533 1859; x_wconf 89' lang='lat' dir='ltr'><strong>illa,</strong></span> <span class='ocrx_word' id='word_1_69' title='bbox 555 1779 594 1843; x_wconf 89' lang='lat' dir='ltr'><strong>ad</strong></span> <span class='ocrx_word' id='word_1_70' title='bbox 614 1778 699 1860; x_wconf 87' lang='lat' dir='ltr'><strong>veri,</strong></span> <span class='ocrx_word' id='word_1_71' title='bbox 721 1786 772 1849; x_wconf 81' lang='grc' dir='ltr'><strong>τοῦ</strong></span> <span class='ocrx_word' id='word_1_72' title='bbox 790 1782 888 1858; x_wconf 71' lang='lat' dir='ltr'><strong>darae,</strong></span> <span class='ocrx_word' id='word_1_73' title='bbox 911 1784 1173 1859; x_wconf 65' lang='lat' dir='ltr'><strong>obediendiam</strong></span> 
     </span>
     <span class='ocr_line' id='line_1_13' title="bbox 247 1871 1174 1978; baseline 0.002 -16"><span class='ocrx_word' id='word_1_74' title='bbox 247 1895 407 1962; x_wconf 88' lang='lat' dir='ltr'><strong>scientiam</strong></span> <span class='ocrx_word' id='word_1_75' title='bbox 438 1871 667 1978; x_wconf 84' lang='lat' dir='ltr'><strong>perveniamus.</strong></span> <span class='ocrx_word' id='word_1_76' title='bbox 716 1896 760 1960; x_wconf 92' lang='lat' dir='ltr'><strong>Ut</strong></span> <span class='ocrx_word' id='word_1_77' title='bbox 789 1897 849 1959; x_wconf 91' lang='lat' dir='ltr'><strong>hoc</strong></span> <span class='ocrx_word' id='word_1_78' title='bbox 873 1894 1088 1977; x_wconf 89' lang='lat' dir='ltr'><strong>inveniamus,</strong></span> <span class='ocrx_word' id='word_1_79' title='bbox 1111 1898 1174 1964; x_wconf 87' lang='lat' dir='ltr'><strong>dia·</strong></span> 
     </span>
    </p>
   </div>
   <div class='ocr_carea' id='block_1_5' title="bbox 132 2011 1174 2098">
    <p class='ocr_par' dir='ltr' id='par_1_5' title="bbox 132 2011 1174 2098">
     <span class='ocr_line' id='line_1_14' title="bbox 132 2011 1174 2098; baseline 0.002 -20"><span class='ocrx_word' id='word_1_80' title='bbox 132 2037 136 2045; x_wconf 94' lang='lat'><strong>·</strong></span> <span class='ocrx_word' id='word_1_81' title='bbox 244 2013 390 2097; x_wconf 81' lang='lat' dir='ltr'><strong>legorum</strong></span> <span class='ocrx_word' id='word_1_82' title='bbox 410 2013 503 2077; x_wconf 89' lang='lat' dir='ltr'><strong>nobis</strong></span> <span class='ocrx_word' id='word_1_83' title='bbox 528 2013 783 2091; x_wconf 86' lang='lat' dir='ltr'><strong>Platonicorum,</strong></span> <span class='ocrx_word' id='word_1_84' title='bbox 815 2011 870 2094; x_wconf 91' lang='lat' dir='ltr'><strong>qui</strong></span> <span class='ocrx_word' id='word_1_85' title='bbox 892 2013 1096 2095; x_wconf 85' lang='lat' dir='ltr'><strong>metaphysici</strong></span> <span class='ocrx_word' id='word_1_86' title='bbox 1120 2035 1174 2098; x_wconf 89' lang='lat' dir='ltr'><strong>ap·</strong></span> 
     </span>
    </p>
   </div>
   <div class='ocr_carea' id='block_1_6' title="bbox 197 2127 1172 4085">
    <p class='ocr_par' dir='ltr' id='par_1_6' title="bbox 243 2127 1172 2448">
     <span class='ocr_line' id='line_1_15' title="bbox 244 2127 1168 2213; baseline 0.001 -18"><span class='ocrx_word' id='word_1_87' title='bbox 244 2130 352 2213; x_wconf 81' lang='lat' dir='ltr'><strong>pellaci</strong></span> <span class='ocrx_word' id='word_1_88' title='bbox 380 2131 507 2210; x_wconf 87' lang='lat' dir='ltr'><strong>solent,</strong></span> <span class='ocrx_word' id='word_1_89' title='bbox 540 2129 571 2194; x_wconf 89' lang='lat' dir='ltr'><strong>in</strong></span> <span class='ocrx_word' id='word_1_90' title='bbox 600 2127 708 2211; x_wconf 87' lang='lat' dir='ltr'><strong>primis</strong></span> <span class='ocrx_word' id='word_1_91' title='bbox 736 2128 923 2193; x_wconf 76' lang='lat' dir='ltr'><strong>Parmenidis</strong></span> <span class='ocrx_word' id='word_1_92' title='bbox 953 2143 994 2199; x_wconf 73' lang='lat' dir='ltr'><strong>‚et</strong></span> <span class='ocrx_word' id='word_1_93' title='bbox 1022 2131 1168 2213; x_wconf 88' lang='lat' dir='ltr'><strong>Philebi,</strong></span> 
     </span>
     <span class='ocr_line' id='line_1_16' title="bbox 245 2246 1172 2328; baseline 0.001 -15"><span class='ocrx_word' id='word_1_94' title='bbox 245 2247 323 2313; x_wconf 87' lang='lat' dir='ltr'><strong>ratio</strong></span> <span class='ocrx_word' id='word_1_95' title='bbox 346 2247 404 2312; x_wconf 89' lang='lat' dir='ltr'><strong>erit</strong></span> <span class='ocrx_word' id='word_1_96' title='bbox 423 2248 574 2313; x_wconf 88' lang='lat' dir='ltr'><strong>habenda.</strong></span> <span class='ocrx_word' id='word_1_97' title='bbox 621 2247 682 2311; x_wconf 82' lang='lat' dir='ltr'><strong>Sed</strong></span> <span class='ocrx_word' id='word_1_98' title='bbox 707 2247 838 2328; x_wconf 88' lang='lat' dir='ltr'><strong>primum</strong></span> <span class='ocrx_word' id='word_1_99' title='bbox 864 2246 1095 2312; x_wconf 82' lang='lat' dir='ltr'><strong>consideremus</strong></span> <span class='ocrx_word' id='word_1_100' title='bbox 1119 2250 1172 2314; x_wconf 90' lang='lat' dir='ltr'><strong>de·</strong></span> 
     </span>
     <span class='ocr_line' id='line_1_17' title="bbox 243 2364 794 2448; baseline -0.004 -18"><span class='ocrx_word' id='word_1_101' title='bbox 243 2382 308 2431; x_wconf 85' lang='lat' dir='ltr'><strong>nno</strong></span> <span class='ocrx_word' id='word_1_102' title='bbox 330 2365 572 2448; x_wconf 87' lang='lat' dir='ltr'><strong>metaphysicam</strong></span> <span class='ocrx_word' id='word_1_103' title='bbox 599 2364 794 2429; x_wconf 79' lang='lat' dir='ltr'><strong>Aristotelis.</strong></span> 
     </span>
    </p>

    <p class='ocr_par' dir='ltr' id='par_1_7' title="bbox 197 2478 1170 3845">
     <span class='ocr_line' id='line_1_18' title="bbox 285 2478 1169 2564; baseline 0 -20"><span class='ocrx_word' id='word_1_104' title='bbox 285 2479 419 2564; x_wconf 87' lang='lat' dir='ltr'><strong>Superat</strong></span> <span class='ocrx_word' id='word_1_105' title='bbox 467 2482 541 2545; x_wconf 89' lang='lat' dir='ltr'><strong>haec</strong></span> <span class='ocrx_word' id='word_1_106' title='bbox 585 2478 714 2542; x_wconf 88' lang='lat' dir='ltr'><strong>omnino</strong></span> <span class='ocrx_word' id='word_1_107' title='bbox 750 2495 875 2544; x_wconf 86' lang='lat' dir='ltr'><strong>naturae</strong></span> <span class='ocrx_word' id='word_1_108' title='bbox 911 2495 1038 2545; x_wconf 83' lang='lat' dir='ltr'><strong>nostrae</strong></span> <span class='ocrx_word' id='word_1_109' title='bbox 1072 2479 1169 2546; x_wconf 89' lang='lat' dir='ltr'><strong>facul·</strong></span> 
     </span>
     <span class='ocr_line' id='line_1_19' title="bbox 241 2597 1170 2681; baseline 0.002 -21"><span class='ocrx_word' id='word_1_110' title='bbox 241 2611 352 2660; x_wconf 86' lang='lat' dir='ltr'><strong>tatem:</strong></span> <span class='ocrx_word' id='word_1_111' title='bbox 388 2597 433 2660; x_wconf 93' lang='lat' dir='ltr'><strong>sic</strong></span> <span class='ocrx_word' id='word_1_112' title='bbox 462 2616 556 2679; x_wconf 88' lang='lat' dir='ltr'><strong>supra</strong></span> <span class='ocrx_word' id='word_1_113' title='bbox 578 2612 644 2659; x_wconf 88' lang='lat' dir='ltr'><strong>eam</strong></span> <span class='ocrx_word' id='word_1_114' title='bbox 660 2609 742 2673; x_wconf 84' lang='lat' dir='ltr'><strong>est,</strong></span> <span class='ocrx_word' id='word_1_115' title='bbox 776 2612 810 2659; x_wconf 88' lang='lat' dir='ltr'><strong>ut</strong></span> <span class='ocrx_word' id='word_1_116' title='bbox 841 2597 1029 2681; x_wconf 87' lang='lat' dir='ltr'><strong>Protagorae</strong></span> <span class='ocrx_word' id='word_1_117' title='bbox 1054 2598 1170 2662; x_wconf 91' lang='lat' dir='ltr'><strong>doctri·</strong></span> 
     </span>
     <span class='ocr_line' id='line_1_20' title="bbox 240 2710 1166 2793; baseline 0.001 -16"><span class='ocrx_word' id='word_1_118' title='bbox 240 2730 279 2777; x_wconf 87' lang='lat' dir='ltr'><strong>ua</strong></span> <span class='ocrx_word' id='word_1_119' title='bbox 310 2710 390 2776; x_wconf 83' lang='lat' dir='ltr'><strong>infra</strong></span> <span class='ocrx_word' id='word_1_120' title='bbox 420 2730 489 2777; x_wconf 89' lang='lat' dir='ltr'><strong>esse</strong></span> <span class='ocrx_word' id='word_1_121' title='bbox 519 2712 697 2793; x_wconf 87' lang='lat' dir='ltr'><strong>dignitatem</strong></span> <span class='ocrx_word' id='word_1_122' title='bbox 719 2725 857 2774; x_wconf 87' lang='lat' dir='ltr'><strong>nostram</strong></span> <span class='ocrx_word' id='word_1_123' title='bbox 891 2713 1025 2776; x_wconf 86' lang='lat' dir='ltr'><strong>videtur.</strong></span> <span class='ocrx_word' id='word_1_124' title='bbox 1085 2711 1166 2778; x_wconf 87' lang='lat' dir='ltr'><strong>Nam</strong></span> 
     </span>
     <span class='ocr_line' id='line_1_21' title="bbox 239 2822 1166 2909; baseline 0.004 -18"><span class='ocrx_word' id='word_1_125' title='bbox 239 2826 458 2906; x_wconf 80' lang='lat' dir='ltr'><strong>estquidam,</strong></span> <span class='ocrx_word' id='word_1_126' title='bbox 491 2839 526 2889; x_wconf 90' lang='lat' dir='ltr'><strong>ut</strong></span> <span class='ocrx_word' id='word_1_127' title='bbox 552 2825 595 2890; x_wconf 92' lang='lat' dir='ltr'><strong>ait</strong></span> <span class='ocrx_word' id='word_1_128' title='bbox 624 2825 676 2888; x_wconf 91' lang='lat' dir='ltr'><strong>ille</strong></span> <span class='ocrx_word' id='word_1_129' title='bbox 698 2822 766 2903; x_wconf 70' lang='grc' dir='ltr'>(ι),</span> <span class='ocrx_word' id='word_1_130' title='bbox 799 2825 934 2890; x_wconf 88' lang='lat' dir='ltr'><strong>hominis</strong></span> <span class='ocrx_word' id='word_1_131' title='bbox 964 2826 1090 2909; x_wconf 91' lang='lat' dir='ltr'><strong>ingenio</strong></span> <span class='ocrx_word' id='word_1_132' title='bbox 1118 2829 1166 2895; x_wconf 91' lang='lat' dir='ltr'><strong>in·</strong></span> 
     </span>
     <span class='ocr_line' id='line_1_22' title="bbox 237 2941 1166 3023; baseline 0.005 -15"><span class='ocrx_word' id='word_1_133' title='bbox 237 2943 359 3023; x_wconf 86' lang='lat' dir='ltr'><strong>situm,</strong></span> <span class='ocrx_word' id='word_1_134' title='bbox 402 2956 438 3007; x_wconf 90' lang='lat' dir='ltr'><strong>ut</strong></span> <span class='ocrx_word' id='word_1_135' title='bbox 461 2943 500 3007; x_wconf 85' lang='lat' dir='ltr'><strong>&#39;in</strong></span> <span class='ocrx_word' id='word_1_136' title='bbox 536 2959 659 3006; x_wconf 89' lang='lat' dir='ltr'><strong>caussas</strong></span> <span class='ocrx_word' id='word_1_137' title='bbox 703 2958 804 3004; x_wconf 86' lang='lat' dir='ltr'><strong>rerum</strong></span> <span class='ocrx_word' id='word_1_138' title='bbox 832 2941 979 3022; x_wconf 86' lang='lat' dir='ltr'><strong>inquirat.</strong></span> <span class='ocrx_word' id='word_1_139' title='bbox 1037 2946 1166 3013; x_wconf 85' lang='lat' dir='ltr'><strong>Faciunt</strong></span> 
     </span>
     <span class='ocr_line' id='line_1_23' title="bbox 237 3055 1157 3145; baseline 0.005 -21"><span class='ocrx_word' id='word_1_140' title='bbox 237 3058 382 3143; x_wconf 85' lang='lat' dir='ltr'><strong>parvuli,</strong></span> <span class='ocrx_word' id='word_1_141' title='bbox 427 3059 482 3124; x_wconf 89' lang='lat' dir='ltr'><strong>ubi</strong></span> <span class='ocrx_word' id='word_1_142' title='bbox 517 3057 653 3142; x_wconf 87' lang='lat' dir='ltr'><strong>cogitare</strong></span> <span class='ocrx_word' id='word_1_143' title='bbox 690 3069 721 3120; x_wconf 91' lang='lat' dir='ltr'><strong>et</strong></span> <span class='ocrx_word' id='word_1_144' title='bbox 758 3055 932 3123; x_wconf 87' lang='lat' dir='ltr'><strong>ratiocinari</strong></span> <span class='ocrx_word' id='word_1_145' title='bbox 964 3078 1157 3145; x_wconf 88' lang='lat' dir='ltr'><strong>coeperunt:</strong></span> 
     </span>
     <span class='ocr_line' id='line_1_24' title="bbox 237 3175 1164 3261; baseline -0.002 -17"><span class='ocrx_word' id='word_1_146' title='bbox 237 3178 386 3261; x_wconf 89' lang='lat' dir='ltr'><strong>omnique</strong></span> <span class='ocrx_word' id='word_1_147' title='bbox 408 3193 507 3243; x_wconf 88' lang='lat' dir='ltr'><strong>aetate</strong></span> <span class='ocrx_word' id='word_1_148' title='bbox 538 3177 660 3254; x_wconf 84' lang='lat' dir='ltr'><strong>homo,</strong></span> <span class='ocrx_word' id='word_1_149' title='bbox 703 3190 736 3239; x_wconf 88' lang='lat' dir='ltr'><strong>et</strong></span> <span class='ocrx_word' id='word_1_150' title='bbox 760 3175 997 3241; x_wconf 88' lang='lat' dir='ltr'><strong>sollertissimus</strong></span> <span class='ocrx_word' id='word_1_151' title='bbox 1026 3178 1164 3260; x_wconf 85' lang='lat' dir='ltr'><strong>quisque</strong></span> 
     </span>
     <span class='ocr_line' id='line_1_25' title="bbox 238 3274 1163 3376; baseline 0.001 -14"><span class='ocrx_word' id='word_1_152' title='bbox 238 3297 392 3376; x_wconf 84' lang='lat' dir='ltr'><strong>maxime,</strong></span> <span class='ocrx_word' id='word_1_153' title='bbox 415 3274 446 3358; x_wconf 86' lang='lat' dir='ltr'><strong>id</strong></span> <span class='ocrx_word' id='word_1_154' title='bbox 465 3295 585 3357; x_wconf 78' lang='lat' dir='ltr'><strong>summa</strong></span> <span class='ocrx_word' id='word_1_155' title='bbox 608 3311 671 3375; x_wconf 90' lang='lat' dir='ltr'><strong>ope</strong></span> <span class='ocrx_word' id='word_1_156' title='bbox 699 3291 811 3356; x_wconf 90' lang='lat' dir='ltr'><strong>nititur</strong></span> <span class='ocrx_word' id='word_1_157' title='bbox 837 3306 1036 3359; x_wconf 84' lang='lat' dir='ltr'><strong>constanter:</strong></span> <span class='ocrx_word' id='word_1_158' title='bbox 1069 3297 1163 3363; x_wconf 88' lang='lat' dir='ltr'><strong>debe·</strong></span> 
     </span>
     <span class='ocr_line' id='line_1_26' title="bbox 237 3380 1163 3495; baseline -0.002 -19"><span class='ocrx_word' id='word_1_159' title='bbox 237 3430 308 3486; x_wconf 85' lang='lat' dir='ltr'><strong>mus</strong></span> <span class='ocrx_word' id='word_1_160' title='bbox 338 3412 415 3475; x_wconf 89' lang='lat' dir='ltr'><strong>adeo</strong></span> <span class='ocrx_word' id='word_1_161' title='bbox 445 3406 550 3472; x_wconf 89' lang='lat' dir='ltr'><strong>studio</strong></span> <span class='ocrx_word' id='word_1_162' title='bbox 584 3408 657 3472; x_wconf 91' lang='lat' dir='ltr'><strong>huic</strong></span> <span class='ocrx_word' id='word_1_163' title='bbox 686 3424 797 3472; x_wconf 89' lang='lat' dir='ltr'><strong>nostro</strong></span> <span class='ocrx_word' id='word_1_164' title='bbox 821 3380 1066 3490; x_wconf 79' lang='lat' dir='ltr'><strong>quamplurima</strong></span> <span class='ocrx_word' id='word_1_165' title='bbox 1095 3432 1163 3495; x_wconf 85' lang='lat' dir='ltr'><strong>gra·</strong></span> 
     </span>
     <span class='ocr_line' id='line_1_27' title="bbox 197 3523 1162 3606; baseline 0.004 -14"><span class='ocrx_word' id='word_1_166' title='bbox 197 3524 200 3531; x_wconf 80' lang='grc'>’</span> <span class='ocrx_word' id='word_1_167' title='bbox 237 3526 428 3606; x_wconf 87' lang='lat' dir='ltr'><strong>vissimaque</strong></span> <span class='ocrx_word' id='word_1_168' title='bbox 462 3525 495 3589; x_wconf 91' lang='lat' dir='ltr'><strong>in</strong></span> <span class='ocrx_word' id='word_1_169' title='bbox 526 3523 619 3589; x_wconf 90' lang='lat' dir='ltr'><strong>rebus</strong></span> <span class='ocrx_word' id='word_1_170' title='bbox 657 3523 842 3589; x_wconf 89' lang='lat' dir='ltr'><strong>mechanicis</strong></span> <span class='ocrx_word' id='word_1_171' title='bbox 877 3539 909 3589; x_wconf 91' lang='lat' dir='ltr'><strong>et</strong></span> <span class='ocrx_word' id='word_1_172' title='bbox 941 3530 1162 3596; x_wconf 87' lang='lat' dir='ltr'><strong>astronomicis</strong></span> 
     </span>
     <span class='ocr_line' id='line_1_28' title="bbox 236 3642 1160 3727; baseline 0 -14"><span class='ocrx_word' id='word_1_173' title='bbox 236 3648 374 3714; x_wconf 85' lang='lat' dir='ltr'><strong>inventa.</strong></span> <span class='ocrx_word' id='word_1_174' title='bbox 417 3642 486 3710; x_wconf 92' lang='lat' dir='ltr'><strong>Nec</strong></span> <span class='ocrx_word' id='word_1_175' title='bbox 507 3642 715 3726; x_wconf 90' lang='lat' dir='ltr'><strong>repudiandus</strong></span> <span class='ocrx_word' id='word_1_176' title='bbox 738 3659 926 3725; x_wconf 84' lang='lat' dir='ltr'><strong>magnopere</strong></span> <span class='ocrx_word' id='word_1_177' title='bbox 947 3658 1018 3725; x_wconf 87' lang='lat' dir='ltr'><strong>est,</strong></span> <span class='ocrx_word' id='word_1_178' title='bbox 1041 3645 1160 3727; x_wconf 90' lang='lat' dir='ltr'><strong>siquis</strong></span> 
     </span>
     <span class='ocr_line' id='line_1_29' title="bbox 235 3757 1156 3845; baseline -0.004 -13"><span class='ocrx_word' id='word_1_179' title='bbox 235 3785 254 3832; x_wconf 91' lang='lat' dir='ltr'><strong>e</strong></span> <span class='ocrx_word' id='word_1_180' title='bbox 287 3760 393 3832; x_wconf 88' lang='lat' dir='ltr'><strong>mundi</strong></span> <span class='ocrx_word' id='word_1_181' title='bbox 429 3760 608 3826; x_wconf 87' lang='lat' dir='ltr'><strong>conditione</strong></span> <span class='ocrx_word' id='word_1_182' title='bbox 641 3773 673 3824; x_wconf 90' lang='lat' dir='ltr'><strong>et</strong></span> <span class='ocrx_word' id='word_1_183' title='bbox 704 3757 915 3841; x_wconf 88' lang='lat' dir='ltr'><strong>pulcritudine</strong></span> <span class='ocrx_word' id='word_1_184' title='bbox 946 3763 1156 3845; x_wconf 87' lang='lat' dir='ltr'><strong>conjecturam</strong></span> 
     </span>
    </p>

    <p class='ocr_par' dir='ltr' id='par_1_8' title="bbox 619 3898 1156 3955">
     <span class='ocr_line' id='line_1_30' title="bbox 619 3898 1156 3955; baseline 0.002 -9"><span class='ocrx_word' id='word_1_185' title='bbox 619 3949 622 3955; x_wconf 71' lang='grc'>,</span> <span class='ocrx_word' id='word_1_186' title='bbox 1106 3898 1156 3947; x_wconf 84' lang='lat' dir='ltr'><strong>ca·</strong></span> 
     </span>
    </p>

    <p class='ocr_par' dir='ltr' id='par_1_9' title="bbox 270 4007 1161 4085">
     <span class='ocr_line' id='line_1_31' title="bbox 270 4007 1161 4085; baseline -0.006 -20"><span class='ocrx_word' id='word_1_187' title='bbox 270 4013 310 4085; x_wconf 75' lang='lat' dir='ltr'><strong>(a)</strong></span> <span class='ocrx_word' id='word_1_188' title='bbox 332 4010 472 4065; x_wconf 75' lang='lat' dir='ltr'><strong>Aristotel.</strong></span> <span class='ocrx_word' id='word_1_189' title='bbox 488 4007 607 4081; x_wconf 72' lang='lat' dir='ltr'><strong>Meropia.</strong></span> <span class='ocrx_word' id='word_1_190' title='bbox 624 4009 713 4063; x_wconf 75' lang='lat' dir='ltr'><strong>initio.</strong></span> <span class='ocrx_word' id='word_1_191' title='bbox 730 4009 775 4066; x_wconf 84' lang='lat' dir='ltr'><strong>cl.</strong></span> <span class='ocrx_word' id='word_1_192' title='bbox 792 4025 872 4078; x_wconf 79' lang='lat' dir='ltr'><strong>supra</strong></span> <span class='ocrx_word' id='word_1_193' title='bbox 889 4011 978 4080; x_wconf 62' lang='grc' dir='ltr'><strong>ΜΒ.</strong></span> <span class='ocrx_word' id='word_1_194' title='bbox 1054 4050 1059 4066; x_wconf 76' lang='grc'><strong><em>,</em></strong></span> <span class='ocrx_word' id='word_1_195' title='bbox 1157 4058 1161 4066; x_wconf 89' lang='grc'>,</span> 
     </span>
    </p>
   </div>
   <div class='ocr_carea' id='block_1_7' title="bbox 0 0 1452 5168">
    <p class='ocr_par' dir='ltr' id='par_1_10' title="bbox 0 0 1452 5168">
     <span class='ocr_line' id='line_1_32' title="bbox 0 0 1452 5168; baseline 0 7"><span class='ocrx_word' id='word_1_196' title='bbox 0 0 1452 5168; x_wconf 95' lang='lat' dir='ltr'><strong> </strong></span> 
     </span>
    </p>
   </div>
  </div>
 </body>
</html>
