2896 5168
722 465 766 507 ··,·
792 432 914 508 14⁶·-

352 608 529 719 timebimus
559 626 666 675 verum
692 626 773 673 esse.
826 610 896 691 Age
924 607 1044 692 igitur,
1079 609 1157 675 hanc
1190 628 1283 691 quac·

351 745 477 809 cunque
512 726 633 792 tandem
665 724 730 804 sit,
763 727 923 792 veritatem
954 743 973 790 e
1006 725 1165 791 recondita
1205 726 1284 791 isto·

352 863 421 911 rum
442 842 604 910 hominurn
636 838 790 924 sapientia
819 855 981 924 expromat
1008 841 1102 909 nobis
1122 843 1281 911 Socrates.

291 967 293 970 ’
350 941 404 1028 Sic
420 961 475 1027 ille
494 971 686 1043 porrortune
698 975 774 1026 vero
793 959 964 1046 intelligis,
981 959 1107 1044 inquit,
1130 961 1285 1028 Theaete-

351 1090 424 1158 te,
439 1092 536 1156 quare
558 1058 632 1142 naec
659 1077 831 1144 secundum
861 1078 1075 1162 Protagorae,
1095 1099 1192 1167 quam
1226 1099 1288 1146 utc-

270 1220 271 1234 ¹
353 1189 569 1274 mutavimus,
599 1193 807 1273 sententiam,
839 1193 911 1259 talia
941 1193 1030 1261 sint?
1062 1235 1106 1249 -
1134 1197 1288 1262 Nondum

353 1306 512 1390 equidem.
543 1343 590 1364 —
619 1307 760 1377 Gratiam
793 1308 888 1391 igitur
908 1307 986 1372 mihi
1019 1309 1174 1390 habebis,
1195 1309 1223 1376 si
1249 1312 1291 1376 ti·

355 1423 389 1493 bi
425 1423 520 1508 viti,
555 1426 619 1491 imo
659 1426 798 1492 virorum
835 1423 1108 1493 celeberrimorum
1152 1425 1287 1490 abditam

355 1540 528 1611 tententiae
557 1539 793 1608 veritatem(1)
826 1540 1070 1625 investigavero.
1092 1574 1139 1595 -
1169 1541 1313 1627 Quidni·

355 1658 485 1726 habeam
521 1673 554 1724 et
578 1675 718 1743 magnam
748 1657 902 1740 quidem?
934 1694 978 1710 -
1010 1657 1095 1724 Vide
1133 1657 1230 1742 igitur
1259 1671 1291 1722 et

350 1769 585 1860 circumspice,
602 1794 659 1843 ,ne
685 1759 762 1859 ¹qnis
795 1796 829 1844 ea
863 1774 1015 1861 profanus
1049 1776 1166 1843 audiat.
1211 1775 1293 1840 Sunt

356 1905 460 1962 tutem
479 1891 551 1975 illi,
574 1891 630 1973 qui
654 1890 732 1957 nihil
758 1891 842 1956 aliud
864 1911 934 1958 esse
955 1908 1092 1976 putant,
1113 1891 1177 1958 nisi
1206 1889 1293 1972 qnod

359 2009 503 2076 manibus
523 2008 653 2076 firmiter
678 2022 816 2092 possunt
844 2010 1131 2093 comprehendere;
1153 2007 1294 2073 actiones

358 2143 436 2195 vero
453 2125 734 2212 generationesque
753 2139 785 2192 et
816 2125 971 2210 quidquid
992 2128 1078 2194 temi
1104 2144 1169 2192 non
1188 2138 1294 2209 potest

359 2243 401 2311 in.
424 2261 533 2311 eorum
559 2261 715 2322 numero,
748 2260 829 2323 quae
856 2260 952 2325 sont,
990 2262 1056 2310 non
1089 2244 1218 2309 habent.
1249 2276 1305 2361 ”t

361 2362 494 2446 Duros,
534 2378 554 2425 o
590 2359 762 2442 Socrates,
791 2374 824 2426 et
848 2378 979 2444 asperos
1010 2361 1152 2427 homines
1179 2378 1298 2426 memo·

363 2500 426 2557 ras.
445 2515 495 2560 μ·
513 2479 597 2546 Sunt
626 2477 729 2557 enim,
770 2495 791 2541 ο
819 2495 922 2561 puer,
949 2495 968 2540 a
993 2475 1100 2541 Musis
1129 2477 1298 2543 admodum

362 2595 477 2667 alieni:
511 2594 557 2660 illi
588 2609 665 2658 veto
697 2592 797 2657 multo
817 2591 1050 2675 elegantiores,
1075 2611 1210 2673 quorum
1241 2592 1300 2657 tibi

362 2711 532 2783 traditurus
567 2706 717 2789 mysteria
748 2725 832 2772 sum.
886 2707 1103 2788 Principium,
1146 2708 1230 2792 unde
1268 2723 1300 2773 et

350 2842 425 2908 retr,
448 2845 529 2907 quae
553 2824 704 2891 hactenus
735 2822 823 2920 dixi,
843 2823 947 2888 omnia
968 2824 1145 2906 pendent,
1169 2823 1232 2888 ltoc
1264 2821 1302 2890 il·

365 2944 406 3015 lis
429 2956 500 3024 est,
520 2948 560 3021 ua
588 2945 623 3014 td
643 2947 705 3012 nait
724 2943 837 3018 κίνησις
867 2938 900 3018 ἦν
920 2942 971 3010 aa
994 2941 1074 3009 ἄλλο
1100 2945 1184 3026 παρὰ
1211 2949 1299 3013 τοῦτο

364 3066 459 3142 οὐδὲν.
488 3063 668 3128 amoenum
688 3058 777 3124 hocce
795 3071 958 3125 moramur
976 3056 1071 3124 aliud
1093 3075 1223 3145 praeter
1240 3057 1304 3127 oro·

368 3194 438 3249 turn
465 3178 549 3247 nibil
576 3170 661 3245 etse:
692 3189 798 3241 motus
831 3189 936 3242 autem
965 3176 1032 3242 duo
1063 3193 1135 3242 etse
1162 3196 1304 3262 genera,

368 3311 542 3379 utrumque
569 3290 771 3359 multitudine
804 3289 986 3372 infinitum,
1027 3291 1092 3358 vim
1118 3311 1194 3359 vero
1227 3296 1306 3364 altol-

371 3433 441 3482 nmr
472 3411 591 3479 habens
619 3403 756 3493 agendi,
787 3409 919 3476 alterum
942 3406 1102 3491 pariendis
1124 3426 1164 3476 ex
1190 3409 1305 3478 horum

366 3542 476 3615 ‚tutem
501 3542 673 3610 congressu
700 3541 734 3594 et
764 3524 910 3594 frictione
936 3528 1047 3594 mutuo
1074 3527 1161 3593 nasci
1174 3547 1308 3599 numero

281 3689 289 3704 ·
372 3643 520 3727 tufiniu,
555 3643 661 3728 specie
688 3644 785 3728 bina,
815 3645 947 3712 alterum
981 3648 1193 3726 αἰσθητόν.
1224 3649 1309 3720 aia.-

1260 3770 1311 3843 h»

408 3929 452 4000 (ι)
470 3927 633 3998 Protagoras
661 3929 810 3999 antiquitus
848 3927 920 3982 libor
953 3927 1060 3983 mantnt
1088 3917 1225 3999 ’Adam‘
1261 3926 1311 3987 in·
1382 3909 1385 3912 ⁴

369 4027 499 4113 xristus
518 4024 557 4088 t.
573 4023 681 4088 Gratu-
697 4029 867 4101 Pratum.
881 4027 963 4089 Pht·
983 4045 1014 4101 p.
1029 4026 1081 4093 βο.
