2896 5168
633 471 802 538 ..„-

255 635 403 703 obediens
442 653 488 703 est
524 635 751 717 providentiae,
796 651 911 716 atque,
954 634 1008 699 ubi
1048 632 1179 716 adspicit
1271 697 1276 705 ,

255 752 454 833 formosum,
485 750 648 816 formidine
682 752 773 832 perit.
821 753 905 824 Ὦςε
933 755 1092 835 ξυμβαίνει
1113 751 1182 820 aor’

255 874 308 949 lta
338 874 392 948 riv
420 877 473 940 τοῦ
501 873 604 953 a'paeoi
633 873 737 952 ψυχὴν
763 880 824 948 tait
846 872 990 945 παιδικοῖς
1011 869 1181 949 αἰδουμένην

255 1015 290 1056 τε
321 990 372 1057 ml
417 991 575 1057 δεδωκυῖαν
616 984 750 1055 inaniat,
818 985 872 1050 Fu
907 988 957 1050 t'ta
990 981 1178 1068 aliquanda,

256 1116 292 1167 ut
320 1106 472 1168 amasiam
500 1102 636 1167 amantis
667 1103 791 1167 animus
819 1121 888 1166 cum
916 1097 1103 1166 verecundia
1126 1119 1185 1163 me·

256 1236 353 1309 raquo
367 1233 591 1308 prosequatur.
617 1213 659 1282 (Ι)

295 1333 475 1419 Descriptio
511 1337 584 1400 haec
618 1338 710 1402 animi
745 1337 899 1402 Platonica
940 1348 1131 1418 quantopere
1168 1353 1184 1398 a

253 1452 388 1536 posteris
417 1452 568 1519 celebrata
595 1452 807 1534 imitandoque
831 1471 976 1535 expressa
1001 1451 1062 1531 sit,
1086 1450 1186 1515 Phae·
1228 1506 1235 1520 .

253 1570 307 1635 dri
331 1570 514 1652 interpretes
535 1572 661 1634 docent.
718 1568 848 1646 Nobis,
881 1570 935 1651 qui
966 1568 1063 1649 ipsam
1092 1565 1187 1632 inter·

254 1687 367 1768 pretari
403 1686 590 1750 Platonicam
637 1684 866 1765 philosophiam
916 1685 1101 1760 studemus,
1146 1684 1184 1746 de

255 1816 357 1866 tuente
393 1799 588 1880 consilioque
621 1799 802 1881 philosophi
840 1799 870 1862 in
905 1797 953 1863 his
993 1797 1183 1876 celebrandis

254 1916 478 2000 dispiciendum
513 1933 571 1980 est.
637 1917 787 1981 Naturam
818 1914 910 1980 animi
942 1915 998 1978 hac
1030 1911 1183 1995 imagine,

253 2049 290 2098 ut
309 2050 422 2115 sponte
439 2032 615 2109 cernimus,
639 2031 825 2111 declaravit,
847 2049 903 2096 nec
922 2029 1086 2111 qnisquam
1108 2031 1182 2094 haec

252 2149 382 2232 legerit,
415 2148 492 2229 quin
521 2149 649 2212 rationis
676 2167 746 2213 cum
775 2148 1000 2229 cupiditatibus
1031 2160 1184 2211 certamen

252 2264 441 2347 descriptum
464 2241 500 2328 ⁸et
526 2264 621 2329 veluti
647 2265 804 2346 depictum
835 2264 957 2329 viderit.
1010 2264 1072 2328 Sed
1095 2263 1184 2327 locus

253 2381 303 2447 bic
326 2382 365 2446 de
389 2381 549 2445 domandis
572 2382 814 2464 cupiditatibus,
850 2380 993 2462 quamvis
1015 2378 1117 2462 gravis
1144 2379 1186 2444 sit

255 2497 287 2561 in
313 2497 414 2564 ethici
432 2501 562 2578 nostri,
584 2515 641 2562 nec
664 2499 765 2563 minus
788 2518 806 2562 a
828 2498 929 2581 poitis
959 2513 1053 2578 atque
1081 2512 1185 2562 orato·

252 2613 363 2695 tibus,
386 2633 476 2695 quam
509 2633 526 2678 a
552 2615 748 2698 philosophis
771 2616 971 2691 celebratus,
1004 2631 1122 2692 tamen,
1151 2632 1186 2678 ut

252 2731 306 2812 id,
328 2734 414 2813 quod
439 2733 563 2812 sentin,
586 2732 681 2796 libere
700 2731 866 2814 profitear,
887 2734 1074 2810 communis,
1097 2730 1184 2811 quod

251 2851 360 2933 ajunt,
383 2850 464 2914 laetu
488 2863 548 2913 est.
612 2849 700 2914 Plato
725 2861 845 2925 autem,
876 2846 962 2927 quod
983 2847 1184 2925 neglexerunt

251 2962 316 3028 fere
337 2965 544 3046 philosophi,
572 2982 654 3045 equo
682 2962 727 3028 illi
755 2961 941 3041 ferocienti,
975 2980 1041 3043 quo
1064 2958 1185 3042 cupidi·

252 3092 349 3144 tatum
371 3081 592 3145 vehementiam
616 3079 826 3160 insaniamque
845 3077 1018 3161 significat,
1052 3080 1181 3143 alterum
1258 3065 1263 3072 ’

252 3214 367 3278 equum
395 3195 556 3278 adjunxit,
605 3195 757 3279 placidum
789 3195 940 3277 frenoque
969 3195 1182 3278 obtemperan·
1223 3199 1227 3205 ’

251 3325 333 3392 tem,
365 3313 455 3396 cujus
492 3310 621 3378 manime
656 3313 822 3395 operatio
849 3313 1033 3396 cupiditates
1061 3313 1181 3376 inhibet

250 3448 285 3494 ac
315 3429 431 3494 domat.
493 3429 553 3495 Est
582 3430 701 3494 scilicet
720 3429 771 3495 ille
797 3430 871 3494 rccti
897 3448 983 3492 amor
1014 3429 1053 3493 in
1078 3406 1181 3492 amiato

250 3561 381 3613 nostro:
416 3566 502 3612 antor
521 3548 648 3611 omnino
667 3563 736 3628 est,
759 3567 850 3628 quem
869 3545 1082 3628 laudavimus,
1107 3567 1185 3611 ura·

249 3674 342 3746 atas,
377 3686 442 3748 quo
478 3683 538 3730 uos
574 3665 659 3731 ducti
678 3646 851 3749 pulcram,
891 3667 1030 3744 bouum,
1060 3667 1179 3748 justum

249 3784 372 3867 assequi
406 3782 545 3848 nitimur.
612 3783 693 3848 Nam
734 3781 864 3849 affectus
904 3784 986 3865 apud
1023 3784 1179 3849 Platonem
1281 3853 1284 3857 ,

1119 3918 1182 3965 110ss

286 4047 331 4118 (t)
346 4047 468 4100 Pltuadm
487 4044 538 4099 253
550 4044 583 4098 E.
601 4070 631 4086 -
650 4042 698 4100 255
711 4044 745 4101 Α.
