2896 5168
672 400 866 452 -cre-
945 384 958 395 “’

292 551 398 642 nent,
428 533 526 631 secun
550 582 587 635 v.
613 581 643 628 c.
676 563 751 627 nont
778 562 921 646 justeque
951 559 1086 646 sentin,
1124 560 1228 649 mque

288 679 434 770 edeptata
470 699 638 765 puerorum
686 679 869 758 institutio,
911 698 945 747 ac
983 683 1046 744 vira
1084 681 1225 762 civium,

295 792 370 862 haec
394 797 495 880 igitur
517 798 655 862 indicet:
677 810 709 862 et
741 815 816 862 sane
834 797 976 882 pervenit
998 812 1126 863 eotenus
1156 803 1224 865 Pia·

288 925 344 1007 to.
390 914 473 994 Sed,
496 914 582 995 quod
606 916 679 980 irem
706 915 863 996 tentavit,
896 931 930 981 ut
957 915 1113 980 civitatem
1140 914 1226 997 inpe-

293 1032 349 1098 nio
375 1033 465 1096 talem
499 1028 653 1116 fingeret,
683 1034 804 1116 qualem
839 1051 947 1099 omnes
979 1031 1090 1098 imitari
1117 1032 1224 1097 civita·

197 1206 200 1211 .
288 1160 339 1213 tes
377 1147 501 1215 deceret
539 1153 631 1218 unice
646 1196 664 1235 ,-
697 1152 729 1217 id
760 1170 817 1216 nec
841 1149 981 1234 perfecit
1016 1169 1072 1216 nec
1107 1147 1225 1216 homini

283 1261 514 1347 perficiendum
547 1271 632 1336 Deus
661 1267 831 1333 concessit.
875 1266 999 1331 Accidit
1027 1281 1131 1331 autem
1154 1266 1223 1349 itu,

281 1395 326 1446 ut
352 1384 485 1465 poeticis
505 1384 621 1451 fabulis
648 1384 739 1451 muiti
760 1382 980 1466 rempublicam
1008 1381 1089 1448 illum
1119 1386 1222 1449 Plato-

286 1497 339 1565 nis
364 1515 585 1581 ntcenserent‚
608 1500 743 1582 indeque
771 1500 952 1583 conjectura
974 1498 1092 1578 ducti,
1123 1511 1221 1567 totum

275 1616 429 1685 Platonis
453 1617 491 1684 de
510 1617 587 1686 ideis
614 1616 787 1684 doctrinam
817 1611 1052 1683 contemnerent
1073 1632 1220 1700 prorsus.

243 1733 396 1802 '2Nobio
435 1753 536 1816 vero,
578 1736 606 1801 si
641 1749 725 1802 recte
754 1733 949 1818 interpretari
978 1731 1150 1799 doctrinam
1181 1733 1219 1797 il·

273 1852 370 1941 iem,
393 1851 527 1936 indeque
548 1854 586 1918 ad
614 1872 706 1918 usum
735 1852 796 1936 ipsi
816 1867 960 1917 nostrum
980 1850 1134 1936 proficere
1163 1871 1219 1917 ve·

285 1967 404 2052 limus,
424 1991 442 2037 a
464 1971 585 2052 placitis
607 1969 793 2052 quibusdam
824 1989 859 2034 uc
885 1970 1049 2035 conatibus
1075 1970 1218 2051 philoso-

286 2085 342 2170 phi
374 2085 443 2170 ipsa
477 2089 546 2173 eJ'us
572 2088 775 2171 philosophia
803 2087 969 2173 diligenter
996 2087 1215 2173 distinguendo

285 2215 355 2268 est:
380 2205 487 2286 quod,
508 2224 586 2290 age,
619 2204 651 2269 in
683 2204 747 2271 fine
773 2206 868 2290 hujus
902 2206 943 2272 de
967 2204 1045 2272 ideis
1065 2205 1216 2289 disquisi-

265 2320 379 2390 'tionis
397 2315 516 2389 ‘illustri
542 2325 687 2406 exemplo
718 2322 923 2389 declaremus.
938 2364 941 2370 -

337 2637 340 2642 .
437 2555 545 2620 Deus
575 2556 721 2619 homini
750 2568 825 2632 cst,
859 2552 1068 2619 secundum

261 2693 265 2705 ·
298 2669 549 2735 Platonicae
578 2669 696 2752 hujus
727 2665 932 2734 doctriuae
964 2672 1189 2756 rationem,

399 2788 533 2872 ipsius
563 2785 776 2852 cerream
804 2787 1086 2872 παράδειγμα.

318 3008 497 3095 eggressus
526 3004 692 3073 scribendo
722 3006 811 3072 Plato
848 3020 922 3088 est,
956 3026 1037 3090 quae
1052 3008 1204 3079 ,hominis

272 3127 452 3197 freurmem
475 3135 679 3210 superarent:
702 3142 766 3206 qua
784 3124 817 3190 in
839 3143 873 3190 re
894 3123 1001 3208 idem,
1023 3124 1109 3209 quod
1131 3140 1208 3210 post

276 3222 347 3315 euru
368 3244 583 3321 Aristoteles,
605 3238 692 3325 egit3
714 3259 823 3307 verum
842 3239 1031 3307 Aristoteles
1055 3259 1114 3322 eo,
1135 3242 1208 3325 phi·

274 3360 440 3448 lotophiae
467 3360 536 3441 ipse
564 3375 639 3423 suae
661 3357 804 3440 tutione,
832 3356 1025 3440 ducebatur3
1064 3357 1204 3425 Plutonis

265 3493 375 3550 'notem
417 3475 643 3561 philosophia,
686 3475 806 3558 quippe
850 3491 930 3556 quae
971 3492 1037 3540 non
1079 3475 1204 3561 sapien·

252 3593 343 3680 run,
383 3606 419 3659 ut
447 3590 557 3673 illius,
588 3591 643 3658 sed
679 3595 848 3678 Φιλοσοφία
875 3590 898 3658 i.
927 3611 959 3658 e.
985 3590 1125 3659 studium
1152 3614 1204 3661 sa·

251 3714 406 3806 fidentiae
431 3723 501 3792 est,
538 3708 681 3792 quamvis
708 3708 877 3790 sublimis,
899 3711 1127 3789 accommodate
1158 3726 1205 3778 te·

162 3915 164 3919 A
249 3844 341 3896 ·.men
372 3827 476 3912 captui
507 3840 619 3892 nostro
660 3840 710 3892 est
748 3840 781 3891 et
808 3823 1010 3892 facultatibus
1043 3826 1199 3918 humenis,

246 3943 337 4033 ‘12⁸⁸
362 3944 438 4012 hoec
462 3941 600 4010 idaeum
628 3942 794 4027 doctrina,
816 3942 845 4009 si
867 3953 989 4009 recten
1013 3942 1201 4050 commentis

1134 4055 1207 4143 phi·
