2896 5168
533 477 727 545 ..ηὸ-

167 650 212 715 sic
234 648 425 731 respondet,
447 661 483 711 ut
507 664 546 713 cs
576 647 668 711 animi
702 649 810 710 nature
838 645 969 724 efficiat,
991 642 1097 727 ponda

130 852 136 863 ι
164 784 229 832 rem
249 765 384 831 animum
404 781 440 828 ac
458 763 590 845 priorem
607 782 740 846 corpote
757 780 842 827 esse:
864 780 929 843 quo
949 762 987 827 ad
1006 774 1097 826 rnnnd

113 891 121 915 '
164 884 238 949 dum
263 885 344 948 hunc
363 880 598 962 adspectabilem
620 881 788 960 traducto,
819 878 873 959 qui
903 877 996 942 rebus
1025 896 1096 942 cor·

165 1000 272 1083 porcis
291 1014 437 1075 constat,
470 998 584 1080 pariter
610 998 680 1063 inde
701 995 883 1077 concludit,
915 1008 1095 1076 anteaquam

166 1116 301 1181 mundus
322 1114 516 1195 exstitisset,
540 1115 632 1180 animi
664 1113 792 1179 affuisse
814 1114 912 1181 divini
935 1112 1096 1196 cujusdam

164 1231 251 1312 vim,
282 1236 342 1312 qua
364 1237 456 1318 φύσις
482 1230 546 1312 sit,
578 1227 669 1313 quam
690 1235 887 1313 loquuntur,
918 1246 997 1295 orta.
1060 1228 1097 1294 ld

165 1365 264 1414 autern
286 1363 453 1431 postquam
474 1345 546 1414 fust
565 1349 828 1415 demonstratione
843 1345 1001 1426 confecit,
1022 1345 1097 1410 haec

165 1464 261 1531 addit.
308 1464 346 1532 Ei
376 1484 473 1549 ergo,
497 1465 551 1546 qui
571 1467 658 1532 Deos
680 1485 748 1531 esse
769 1480 882 1548 negat,
903 1463 1018 1545 positis
1038 1480 1101 1527 ter·

168 1582 283 1661 minis,
300 1601 473 1647 sermonem
492 1582 553 1665 jatn
577 1583 811 1663 relinquamus;
831 1596 905 1645 sunt
928 1596 1029 1646 autem
1051 1579 1098 1643 illi

166 1700 365 1783 hujusmodi,
399 1713 433 1764 ut
455 1699 505 1763 vel
525 1698 654 1776 doceat,
686 1717 745 1762 nos
768 1716 833 1762 non
855 1713 936 1762 recte
955 1695 1098 1776 opinari,

168 1833 239 1881 curn
261 1819 394 1880 animum
412 1814 542 1881 dicimus
561 1815 781 1897 praecaeteris
796 1813 942 1879 omnibus
961 1811 1096 1895 primum

168 1931 343 2012 exstitisse,
361 1951 503 2014 quaeque
521 1952 538 1998 a
552 1932 644 1996 nobis
661 1947 890 2013 consequenter
904 1931 986 1996 dicta
1002 1944 1097 2010 sont,

166 2066 239 2111 vera
259 2066 323 2111 non
344 2066 432 2126 esse,
467 2050 539 2128 vel,
574 2047 601 2112 si
631 2048 708 2112 nihil
733 2049 866 2128 meiius,
900 2067 991 2130 quam
1018 2065 1099 2127 nos,

166 2161 266 2227 dicere
289 2178 416 2243 potest,
439 2161 532 2225 nobis
553 2164 675 2241 credat,
697 2179 791 2244 atque
816 2163 860 2227 ita
884 2161 915 2227 in
938 2175 1097 2244 posterum

167 2279 275 2358 vivat,
298 2295 333 2343 nt
354 2280 392 2342 de
415 2278 484 2343 Diis
506 2297 570 2343 non
591 2278 737 2361 ambigat.
750 2278 789 2346 (¹)

211 2396 256 2461 Et
280 2396 351 2460 hinc
384 2397 507 2475 quidem
534 2396 645 2460 ducere
674 2395 826 2460 continuo
857 2397 944 2460 Plato
971 2393 1099 2476 potuit,

171 2513 257 2592 qnod
278 2512 344 2575 aliis
365 2529 475 2591 negare
499 2512 659 2593 placebat,
683 2531 751 2575 esse
771 2511 995 2593 providentiam
1017 2512 1102 2576 Deo*

170 2647 260 2708 rum,
283 2647 401 2709 eosque
419 2647 467 2691 res
494 2625 635 2690 minimas
657 2644 720 2690 non
742 2627 869 2701 minus,
891 2646 981 2706 quant
1004 2625 1102 2689 maxi·

172 2763 255 2823 mas,
276 2763 394 2808 curare.
463 2743 522 2807 Scd
553 2742 602 2806 his
630 2741 702 2805 ite'tn
735 2742 913 2806 hominibus
945 2741 1101 2805 meliorem

171 2861 354 2925 sententiam
376 2859 581 2940 persuadere,
603 2877 694 2939 quam
717 2872 888 2922 monstrare
906 2871 936 2920 et
953 2856 1103 2937 probare,

172 2977 313 3042 malebat.
367 2976 417 3041 Sic
443 2975 538 3057 igitur·
567 2993 661 3057 porro
689 2958 891 3069 Atheniensis
918 2973 981 3038 ille.
1037 2973 1104 3039 Ade-

171 3112 280 3158 versus
308 3092 388 3155 istos
418 3091 507 3156 finem
533 3093 593 3174 jam
626 3091 736 3155 habeat
766 3091 940 3171 disputatio
974 3104 1101 3156 nostrat

173 3209 227 3292 qni
255 3224 355 3274 autern
381 3228 449 3272 esse
470 3209 602 3289 ,quiden
637 3209 723 3273 Deos
757 3206 931 3286 existimat,
955 3206 1010 3271 sed
1039 3223 1104 3270 non

172 3345 280 3392 curare
304 3345 351 3388 res
376 3324 544 3403 humanas,
579 3325 650 3388 huic
676 3324 721 3387 sic
744 3324 990 3404 persuadeamus.
1048 3321 1103 3390 Ὦ

176 3448 259 3529 dorse
283 3449 342 3523 to,
363 3452 489 3528 Φῶμεν,
518 3444 562 3513 ἔτι
588 3447 643 3524 μὲν
664 3447 724 3523 iai
747 3445 842 3516 θεοὺς,
876 3441 1039 3520 συγγένειά
1058 3466 1104 3515 erc

175 3565 243 3638 icoc
268 3567 301 3629 σὲ
323 3564 385 3629 teta
406 3564 476 3642 πρὸς
505 3565 539 3628 cd
562 3562 717 3641 ξύμφυτω
746 3559 818 3637 ἄγει
835 3567 926 3640 reunia
947 3557 998 3623 καὶ
1025 3559 1105 3637 νομί·

176 3683 234 3764 ζειν
251 3676 337 3746 eiras·
382 3676 532 3740 Virorum
551 3677 680 3760 optime,
697 3671 857 3751 dicamus,
875 3687 996 3735 natura
1013 3691 1107 3754 quaa·

175 3794 246 3859 dam
266 3792 431 3859 diuinitati
452 3805 586 3875 cognata
609 3787 655 3853 ad
674 3808 738 3853 rem
759 3791 819 3854 tibi
838 3787 1031 3871 conjunctam
1054 3786 1107 3866 αβ-

1045 3899 1108 3982 fita

210 4045 253 4109 (t)
275 4047 317 4097 De
332 4048 416 4115 Legg.
437 4044 473 4097 X.
493 4043 587 4113 8990.

639 4144 661 4208 P
