2896 5168
625 457 798 504 ...20-

154 651 156 654 ·
250 620 415 685 contrarias
451 634 566 700 partes.
619 618 744 685 Talium
766 618 1027 700 imaguncularum
1051 617 1178 684 ridicula

251 735 390 800 conditio
420 751 489 813 est,
506 754 617 816 ‚quum
647 737 685 800 ad
706 737 820 819 vulgus
844 733 1079 812 oblectandum,
1102 749 1179 801 tam·

252 872 342 934 quam
372 857 536 935 οιιύμοιτιι,
566 854 786 918 ostenduntur.
840 851 912 917 Nos
934 849 1076 916 similiter
1098 871 1181 918 mor·

253 973 328 1034 tales
354 967 581 1035 immortalibus
611 968 681 1034 Diis
710 972 851 1051 οούμοισιι
873 967 1021 1048 quaedam
1044 987 1180 1050 sumus,

253 1086 370 1169 quippe
401 1104 483 1165 quos
511 1088 658 1167 voluptas
685 1100 716 1150 et
744 1085 855 1162 dolor,
894 1103 965 1168 spes
995 1103 1178 1169 assuetus,

254 1200 316 1266 sibi
342 1200 473 1266 invicem
496 1201 685 1281 renitentes,
708 1202 768 1266 huc
788 1203 861 1266 illuc
886 1201 982 1283 imque
1009 1204 1179 1269 contrarias

253 1332 359 1399 partes
385 1315 596 1385 distrahunt.’·
646 1317 759 1383 Valent
786 1319 860 1383 ltaec
886 1319 1008 1402 egregie
1028 1320 1066 1385 ad
1085 1320 1180 1386 animi

257 1449 395 1499 naturam
427 1435 649 1500 declarandam.
704 1434 833 1500 Patiens
852 1433 886 1500 in
909 1432 1093 1515 affectibus,
1115 1452 1180 1500 non

257 1571 349 1637 agens
367 1551 508 1616 conditio
527 1566 635 1616 nostra
654 1565 720 1632 est,
743 1567 780 1616 ut
797 1552 858 1617 hoe
873 1551 976 1636 ipsum
995 1553 1182 1620 vocabulum

258 1667 410 1755 affectus,
442 1668 601 1752 magisque
622 1668 713 1733 etiam
736 1668 836 1746 illud,
866 1689 932 1751 quo
951 1671 1039 1737 Plato
1061 1669 1183 1748 utitur,

217 1806 220 1811 ·
257 1791 359 1868 ardon,
393 1788 595 1853 demonstrat.
656 1768 826 1852 Movemut
855 1787 952 1871 igitur
978 1804 1009 1852 et
1035 1786 1187 1853 trahimur

231 1975 232 1978 ,
259 1908 348 1987 plane
370 1904 453 1984 illis,
476 1915 507 1967 et
530 1902 601 1967 lritte
622 1900 842 1985 intelligimus,
865 1920 959 1983 quate
978 1904 1074 1967 homo
1091 1905 1187 1983 ἤπιον

261 2027 390 2098 ἑαυτοῦ,
421 2023 577 2107 temetipso
606 2020 742 2100 inferior
770 2019 902 2086 dicatur.
965 2017 1089 2085 Dicitur
1121 2021 1186 2103 ita,

264 2136 318 2203 ubi
339 2135 515 2202 submissus
537 2138 626 2219 plane
648 2125 812 2202 affectibus
839 2137 906 2202 suis
927 2151 993 2214 est,
1024 2135 1056 2202 iu
1079 2137 1186 2221 primis

259 2261 366 2333 reru,
398 2253 451 2317 ubi
476 2272 580 2318 amore
599 2267 709 2334 totus,
741 2252 907 2320 affectuum
933 2254 1072 2320 omnium
1097 2252 1187 2322 facile

264 2370 556 2451 vehementissimo,
578 2369 707 2453 regitur.
752 2370 813 2436 Sed
830 2370 958 2453 Hospes
975 2371 1028 2437 ille
1043 2372 1081 2437 de
1096 2371 1190 2438 animi

264 2492 396 2566 natum,
419 2502 453 2551 ut
475 2487 677 2568 monuimus,
701 2490 761 2552 ltoc
782 2488 994 2555 animadvertit
1016 2505 1189 2572 praeterea:

267 2609 409 2688 praeesse
427 2603 504 2670 dicit
522 2601 687 2669 affectibus
708 2604 826 2670 nostris
849 2605 995 2670 omnibus
1014 2609 1189 2686 rationem,

267 2738 364 2801 quae,
386 2721 463 2800 quid
474 2721 582 2784 melius
595 2720 653 2800 sit,
681 2720 758 2800 quid
776 2720 888 2803 pejus,
910 2720 1073 2786 discernit:
1096 2722 1192 2787 idem·

171 2906 176 2915 ,
269 2856 330 2917 que
367 2837 399 2901 in
441 2834 643 2903 festivissima
681 2835 934 2919 comparatione,
968 2856 1065 2918 quum
1096 2838 1192 2922 ἕλξεις

269 2969 444 3033 memorat,
475 2954 590 3034 quibus
612 2955 697 3019 intus
720 2953 896 3036 agitamur,
924 2972 1015 3019 unam
1037 2955 1111 3020 item
1134 2975 1196 3022 me·

271 3086 394 3149 morat,
415 3069 466 3135 cui
499 3069 632 3151 obsequi
663 3071 751 3137 decet
782 3071 962 3149 hominem,
991 3090 1048 3137 nec
1066 3072 1197 3140 deficere

272 3203 303 3252 et
336 3204 409 3252 vero
441 3205 500 3251 utra
533 3204 604 3252 eum
639 3186 691 3252 illl
722 3187 849 3253 caeteris
882 3188 999 3267 reniti,
1033 3194 1196 3260 avolsum.

275 3307 398 3381 Ταύτην
430 3307 460 3372 δὲ
491 3301 585 3380 εἶναι,
626 3303 688 3381 ait,
724 3309 778 3382 alt
807 3314 860 3373 σοῦ
892 3313 1038 3388 λογισμοῦ
1073 3311 1200 3387 ἀγωγὴν

186 3466 191 3477 -
275 3429 388 3506 χρυσῆν
408 3423 458 3489 aaa}
481 3423 573 3504 ἱερὰν·
588 3458 632 3472 -
653 3422 755 3495 ἄλλοις
775 3424 825 3494 δὲ,
847 3427 979 3503 σκληροῖς
999 3426 1048 3490 κιο)
1070 3429 1201 3506 σιδηροῖς·

277 3542 330 3617 τὴν
352 3542 400 3614 δὲ,
422 3540 582 3620 uelatis.
605 3536 675 3605 a‘r'rs'
682 3544 812 3620 χρυσῆν,
834 3534 935 3605 adeat·
957 3543 1014 3615 τὰς
1032 3544 1063 3607 ll
1079 3540 1201 3610 ἄλλος,

277 3659 475 3730 retardaretis
508 3656 613 3723 εἴδεσιν
642 3655 765 3734 ὁμοίιος,
794 3656 853 3721 δεῖν
873 3665 912 3736 τῇ
934 3657 1064 3735 mullet
1091 3634 1203 3735 aimari

277 3781 343 3868 roi¹
359 3775 446 3854 sedura
475 3773 521 3840 riri
544 3771 784 3852 ξυλλαμβάνειν.
806 3768 863 3838 aias
888 3774 949 3852 γὰρ
978 3775 1030 3835 τοῦ
1058 3773 1205 3849 λογισμοῦ

280 3896 372 3957 καλοῦ
401 3894 456 3970 μὲν
485 3889 588 3961 ἔντος,
619 3889 713 3970 πρᾴου
745 3889 775 3954 δὲ
802 3889 852 3952 texi
881 3891 913 3953 οὐ
941 3885 1062 3964 βιαίου,
1096 3887 1206 3954 driadas

280 4009 427 4088 ὑπηρετῶν
455 4009 546 4070 αὐτοῦ
575 4006 628 4078 riv
659 4006 806 4082 ἀγωγὴν.
829 4001 905 4074 ὅπως
928 4002 965 4067 aa
986 4004 1054 4081 ἡμῖν
1078 4007 1112 4069 σο
1134 4027 1209 4086 χρυ·

1142 4125 1210 4188 σοῦο
