2896 5168
623 531 817 595 -..7..

253 699 444 781 sapientem,
468 696 575 761 virtuti
590 694 762 776 tribuitur,
784 697 971 762 contrarium
992 715 1065 762 vero
1076 694 1180 762 vitio?

254 852 298 868 -
320 817 425 882 Certe.
439 849 484 864 -
505 813 612 899 Quid?
634 831 739 879 norme
757 811 911 877 fortitudo
930 814 1019 878 etiam
1035 813 1184 878 tribuitur

256 934 384 1013 virtuti,
408 932 526 1015 ignavia
545 931 652 997 vitio?
674 967 720 983 -
740 930 880 1014 Quidni?
903 967 948 982 —
977 931 1027 996 Ex
1048 928 1088 994 iis
1109 931 1184 996 haec

257 1052 377 1131 turpia,
401 1048 451 1112 illa
468 1067 543 1113 vero
565 1050 696 1112 honesta
714 1047 940 1113 dicuntur‘i-
962 1047 1187 1114 Dicuntur.-

261 1169 320 1235 Kai
336 1175 393 1235 τῶν
414 1172 469 1248 μὲν
492 1170 645 1245 προσήκειν
664 1170 751 1248 ἡμῖν,
772 1169 867 1235 ixion
887 1171 1024 1248 Φλοιῦροο·
1065 1169 1137 1241 θοοῖς
1157 1169 1189 1233 δὲ

262 1287 329 1353 οὔτε
350 1287 434 1366 μένον
453 1286 521 1351 οὔτε
542 1287 660 1366 σμικρὸν
690 1292 747 1352 τῶν
772 1286 908 1350 τοιούτων
936 1285 1027 1364 μετὸν
1049 1287 1189 1364 invinent

262 1398 311 1464 Et
331 1421 411 1484 quae
433 1403 467 1463 in
486 1401 632 1464 histilia
651 1414 749 1476 ονοο,
770 1398 854 1462 nobis
873 1402 969 1461 inesse
983 1418 1089 1485 poste;
1110 1396 1192 1462 Deos

263 1537 336 1585 νοτο
357 1537 462 1584 eorum
479 1519 650 1604 participes
670 1516 755 1580 nullo
775 1514 860 1581 modo
880 1515 1045 1580 dicemur?
1064 1548 1110 1567 -
1150 1513 1195 1578 Et

266 1616 339 1699 haec
358 1635 462 1715 quivis
485 1632 687 1699 concesserit.
708 1667 754 1684 -
774 1630 939 1713 Numquid
959 1627 1195 1712 negligentiam,

267 1751 435 1831 desidiam,
458 1750 600 1830 delicias,
630 1749 723 1813 animi
741 1750 888 1814 virtutem
908 1746 1114 1830 putabimus?
1158 1761 1198 1809 nn

262 1850 481 1932 contrarium?
502 1903 547 1918 -
580 1866 794 1932 Contrarium.
815 1902 861 1917 -
894 1865 960 1949 Qui
980 1864 1125 1942 deliciis,
1145 1879 1201 1928 ne·
1255 1934 1260 1946 .

270 1984 433 2064 gligentiae
459 1983 655 2065 desidiaeque
681 1982 806 2049 deditus
835 1997 904 2063 est,
927 2001 1017 2063 quem
1043 1984 1136 2065 poeta
1156 1980 1202 2061 ig-

271 2099 358 2163 navis
387 2097 518 2165 maxime
549 2099 630 2164 fucis
666 2101 799 2165 similem
831 2099 1001 2164 rectissime
1030 2100 1130 2179 dicit,
1160 2093 1202 2163 ul

273 2233 377 2280 nonne
395 2215 468 2280 odio
487 2215 581 2282 uobis
600 2216 787 2282 habendus?
807 2254 851 2271 --
873 2215 1025 2280 Omnino.
1044 2240 1092 2271 ³·-
1125 2223 1206 2293 οὐκ·

275 2339 324 2400 οὖν
352 2335 401 2403 τδν
428 2359 466 2412 γε
494 2338 555 2403 θεὸν
584 2339 616 2402 eri
643 2338 739 2416 ῥητέον
778 2334 947 2420 ingenuiles
972 2342 1100 2409 τοιοῦτον
1126 2334 1144 2402 ὅ
1166 2338 1206 2414 ye

276 2455 430 2543 τοιοῦτὸς
452 2464 555 2529 μισεῖ·
617 2456 658 2535 τῷ
680 2453 714 2518 τέ
735 2478 764 2519 τι
786 2458 913 2519 τοιοῦτον
932 2452 1121 2534 <niiwestat
1142 2476 1208 2519 τεο·

277 2543 391 2650 punito
412 2572 464 2634 οὐκ
484 2570 685 2648 ἐπιτρεπτέον.
751 2566 827 2630 Νονο
850 2586 922 2650 crgo
949 2546 1093 2632 dicendus
1121 2567 1208 2631 Deus

278 2688 355 2751 tales
384 2706 482 2751 mores
507 2685 640 2764 habere,
662 2706 734 2771 qnos
756 2691 819 2769 ipse
841 2683 926 2751 oa’it:
973 2706 1027 2750 nec
1047 2687 1210 2752 conceden-

276 2799 350 2864 dum
373 2802 432 2864 ulli
453 2816 497 2866 est
517 2806 566 2864 ita
587 2798 700 2865 dicere.
723 2837 766 2851 -
798 2801 897 2866 Nullo
917 2801 1023 2865 modo.
1046 2826 1093 2848 -
1135 2803 1211 2868 Por·

278 2935 337 2995 ro,
372 2920 457 2998 quod
482 2936 582 2981 rerum
606 2918 798 2982 minimarum
819 2936 922 2982 curam
943 2917 1053 2982 attinet
1065 2951 1080 2996 ,·
1109 2917 1211 2983 sicui

283 3050 426 3115 magnum
457 3034 614 3115 negotium
646 3032 865 3116 perficiendum
899 3049 969 3117 est,
997 3034 1025 3098 is
1052 3053 1128 3099 veto
1149 3054 1212 3100 ma-

283 3150 364 3214 xima
393 3170 534 3231 quaeque
564 3165 671 3230 curat,
713 3151 837 3216 minima
859 3152 1010 3236 negligit,
1053 3152 1213 3232 quomodo

286 3269 369 3332 lrunc
388 3268 544 3331 laudantes
562 3286 625 3332 nou
644 3267 842 3333 errabimus?
884 3286 952 3334 nam
970 3282 1042 3349 aget
1057 3268 1097 3332 ita
1109 3290 1129 3347 ,’
1143 3270 1212 3348 vel,

285 3383 358 3463 quia
377 3382 456 3447 nihil
478 3381 627 3449 interesse
648 3384 746 3449 totius
766 3401 873 3467 putat,
895 3384 923 3448 si
942 3404 1036 3468 pnrvn
1055 3384 1217 3469 negligun-

287 3516 356 3579 tur,
379 3501 448 3580 vel‚
466 3501 561 3581 quia,
587 3503 657 3566 licet
669 3502 815 3566 interesse
826 3500 993 3583 opinetur,
1016 3498 1216 3595 inertlllmol-

287 3619 416 3700 litieque
433 3620 600 3698 detentus,
622 3617 770 3701 negliget.
792 3650 838 3671 —-
859 3619 911 3683 Sic
933 3636 967 3684 se
989 3630 1038 3681 res
1059 3616 1217 3681 habet.—

290 3735 350 3800 Seri
372 3754 453 3799 nunc
479 3735 522 3799 illi
551 3736 614 3798 duo
646 3733 747 3797 tribus
769 3733 1107 3814 nobis-respondeant,
1136 3730 1218 3810 qui,

288 3851 361 3918 licet
387 3872 454 3916 esse
479 3853 567 3918 Deos
596 3852 785 3930 concedant,
818 3854 894 3915 alter
910 3854 1023 3914 tamen·
1039 3845 1129 3911 focile
1153 3845 1218 3926 tiit·

860 3968 864 3976 ·
909 3968 917 4009 r
956 3968 960 3977 ·
989 3982 993 3991 ·
1089 3996 1094 4004 .
1162 3970 1219 4025 α.

329 4104 374 4170 (ι)
392 4104 525 4160 Hesiodus
537 4107 622 4175 Ome!
631 4105 696 4157 dier.
706 4120 748 4157 νο.
756 4102 816 4156 500,
828 4089 872 4157 Ci'.
882 4066 1042 4159 llrrhiski'or'i
1048 4096 1118 4157 uin..
1129 4094 1218 4168 μὴ.
1267 4110 1271 4119 ’

717 4208 781 4272 Ρο
