2896 5168
753 438 953 516 -rsd-

416 614 522 701 Quor
555 615 690 702 primunr
711 615 806 697 nobis
825 629 890 680 erat
911 615 942 680 in
965 616 1243 689 conferendocum
1265 643 1324 703 sos

383 734 498 816 plristis
535 733 711 818 priscisque
740 731 943 817 pbilosophis
976 736 1105 803 Platone
1137 742 1313 822 agendum,

381 865 439 934 ut,
465 870 544 934 quae
561 850 594 916 in
611 869 721 917 eorum
742 850 897 916 doctrinis
918 850 1032 919 similia
1053 870 1180 936 essent,
1202 861 1314 938 exqui-

381 986 540 1046 reremus,
573 965 777 1051 perfecimus.
819 967 916 1034 Nunc
936 969 974 1035 td
994 971 1204 1055 gravissimam
1227 993 1313 1038 com·
1391 969 1397 977 “

380 1083 548 1166 putationis
580 1097 699 1166 partem
729 1086 919 1155 accedimus.
961 1087 1173 1173 Quaerimus,
1197 1091 1314 1172 quibus

378 1199 412 1263 in
434 1198 528 1265 rebus
552 1200 730 1268 discesserit
751 1201 789 1267 ab
820 1201 882 1267 illis
903 1203 1005 1267 Plato.
1049 1206 1140 1288 Quae
1166 1209 1315 1290 disquisi-

376 1314 425 1381 tio
448 1333 509 1381 nos
537 1333 652 1400 sponte
676 1317 761 1381 ducit
793 1317 831 1380 ad
853 1315 1063 1382 Eleatieorum
1095 1322 1208 1399 placita
1238 1325 1309 1402 phi·

375 1433 614 1515 losophorum·
640 1431 721 1495 Nam
752 1430 800 1494 his
819 1432 873 1496 ille
899 1430 1046 1498 debuisse
1072 1437 1204 1502 maxime
1224 1437 1309 1502 vide·

376 1562 453 1629 rur,
478 1565 557 1628 quae
588 1548 653 1632 περὶ
675 1554 727 1616 τοῦ
748 1547 847 1622 ὄντος,
870 1547 908 1612 de
934 1565 973 1612 eo
1001 1549 1088 1629 quod
1109 1566 1182 1631 est,
1205 1552 1243 1617 de
1262 1570 1310 1617 re·

343 1748 345 1752 .
374 1663 435 1731 bus
466 1661 564 1730 firmis
592 1677 624 1730 et
655 1663 905 1732 immutabilibus
922 1664 1170 1750 philosophatus
1192 1685 1253 1734 est.

531 1856 818 1926 Eleaticorum
850 1864 933 1946 arpi
961 1871 1026 1933 τοῦ
1055 1865 1165 1941 ὄντος

395 1974 544 2060 effata.
593 1972 700 2059 Quid
727 1978 771 2039 in
802 1977 869 2043 his
896 1981 1098 2066 probauit
1130 1982 1285 2049 Plato?

415 2160 463 2228 Ut
497 2179 562 2227 non
602 2181 735 2246 prorsus
775 2161 881 2247 rejecit
919 2162 1206 2248 philosophorum,
1250 2165 1307 2247 qui

371 2280 477 2354 sam
492 2284 631 2352 κινεῖσθαι
653 2278 823 2359 dicebant,
844 2280 1041 2362 doctrinam,
1065 2281 1107 2348 ita
1133 2283 1308 2349 habuerunt

372 2397 584 2466 Eleurlcorum
607 2397 741 2481 placita,
778 2395 894 2478 quiri
923 2402 1111 2471 rainiariam
1139 2403 1307 2467 contende·

371 2502 470 2598 bant,
504 2514 591 2596 quod
621 2513 822 2577 admiraretur
855 2512 1067 2595 probaretque
1092 2515 1306 2583 vehementer.

370 2620 469 2716 Quod
503 2629 585 2695 enlm
613 2628 647 2693 bi
683 2628 722 2692 de
750 2627 933 2694 immutabili
962 2638 1014 2699 τοῦ
1045 2633 1124 2708 ὄντος
1151 2635 1307 2699 conditiu-

370 2763 412 2813 ne
433 2757 708 2824 asseveraverant,
740 2742 771 2806 id
800 2760 872 2808 cum
899 2744 1004 2808 studio
1026 2746 1113 2827 veri,
1137 2765 1203 2827 quo
1237 2749 1306 2832 ipse

369 2860 717 2945 ardebat,congruebat
735 2857 879 2924 mirifice:
904 2873 936 2926 et
951 2880 1051 2941 vero,
1073 2865 1215 2944 quamvis
1235 2885 1308 2932 sen·

369 2979 466 3047 tentia
493 2995 621 3059 eorum,
649 2977 693 3041 nil
726 2974 858 3056 mutari,
889 2977 945 3044 sed
980 2992 1061 3044 stare
1096 2983 1222 3064 omnir,
1251 2987 1306 3050 ab·
1396 2995 1398 2998 ·

367 3097 462 3166 surda
497 3094 560 3182 ipsi
586 3093 774 3175 videretur,
806 3109 909 3161 tamen
945 3096 1089 3163 acerbius
1122 3118 1180 3165 eos
1204 3119 1309 3184 repre-

367 3217 525 3296 hendere,
555 3210 744 3279 Parmenidis
769 3211 903 3278 maxime
930 3231 1062 3296 caruca,
1088 3217 1241 3298 principis
1273 3219 1305 3284 in

365 3332 422 3400 int
451 3332 539 3397 secta
575 3327 784 3411 philosophi,
826 3330 1104 3396 verecundabatur.
1157 3333 1253 3418 Quod
1287 3358 1310 3404 e

367 3446 520 3532 proximis
558 3443 591 3507 in
627 3441 801 3510 Theaeteto
840 3444 919 3511 locis
960 3446 1156 3532 intelligitur.
1221 3453 1302 3521 Nam

367 3578 537 3648 postquam
566 3559 627 3627 illic
656 3562 845 3646 Protagorae
865 3563 1009 3644 dictum,
1032 3565 1172 3632 omnium
1201 3586 1303 3636 rerum

366 3680 524 3751 bominem
553 3698 729 3746 mensuram
760 3698 852 3762 esse,
891 3683 952 3745 sub
991 3683 1129 3750 Socratis
1168 3691 1305 3767 persona

364 3780 540 3885 explicuit,
571 3798 610 3862 ad
635 3797 793 3863 Eleaticos
824 3796 972 3880 deinceps
1001 3801 1230 3883 transgrediens
1256 3804 1300 3869 sic

364 3917 440 3986 neit
466 3915 598 3982 eundern
634 3914 792 3981 Socratem
830 3916 868 3981 de
900 3915 1012 3981 biset
1048 3917 1233 3985 Parnaside
1258 3922 1305 3985 di.

360 4047 494 4108 tentem·
539 4033 690 4102 Ms'ilrrrau
716 4035 772 4113 μὲν
791 4034 852 4118 ,καὶ
882 4036 951 4106 τοὺς
975 4033 1089 4107 ἄλλους
1119 4030 1204 4103 oi'b
1231 4041 1304 4125 έςὸς

1231 4167 1303 4219 ceu-
