2896 5168
645 484 838 548 ..154-

268 643 352 708 tibus
375 644 481 728 fungi,
505 647 531 710 si
555 647 603 709 vel
626 650 755 711 maxime
772 647 896 728 possis,
912 664 1014 729 neque
1028 666 1148 731 parere,
1167 651 1197 716 si

265 760 371 842 nolis,
392 780 494 845 neque
516 764 629 828 bellum
648 781 753 845 gerere
771 764 838 828 aliis
861 763 976 829 bellurn
992 766 1194 850 gerentibus,

264 897 365 960 neque
391 899 495 960 pacem
518 900 606 962 agere
627 878 789 961 agentibus
810 879 903 959 aliis,
925 878 986 943 uisi
1008 880 1038 944 id
1058 883 1194 964 placenta

262 995 325 1059 into
338 1014 431 1073 vero,
449 997 476 1059 si
500 1017 560 1076 qna
573 1012 613 1060 te
629 1000 679 1061 lex
701 995 849 1078 imperare
867 1010 951 1059 vetet
969 1014 1004 1061 ac
1025 998 1193 1066 sententias

258 1108 360 1190 ferre,
382 1111 588 1178 nihilominus
610 1128 641 1178 et
665 1114 796 1194 imperes
817 1128 848 1176 et
870 1112 1039 1178 aasentias
1060 1112 1193 1181 ferasin

257 1227 395 1309 judicio,
417 1231 511 1294 modo
534 1231 594 1295 hoc
616 1229 674 1293 tibi
696 1230 796 1293 visum
819 1227 927 1293 fuerit.
980 1229 1067 1314 Quid
1088 1245 1190 1298 auten

259 1344 296 1406 tle
317 1344 441 1406 lenitate
462 1363 533 1425 erga
554 1347 713 1408 damnatos
733 1344 859 1408 dicanti
902 1344 1055 1410 Homines
1076 1345 1108 1409 iu
1129 1346 1185 1410 hac

254 1459 382 1524 civitate
408 1461 549 1525 videmus
580 1464 628 1524 vel
656 1478 757 1525 morte
785 1464 834 1524 vel
864 1460 975 1527 exsilio
1004 1463 1190 1529 condenna-

260 1594 333 1656 tos,
355 1577 559 1641 nihilominus
581 1577 688 1642 urbem
711 1576 847 1642 incolere
866 1596 901 1643 ac
924 1577 1050 1662 prodire
1071 1575 1104 1643 in
1122 1598 1186 1645 nte·

259 1695 368 1775 dium,
398 1711 428 1758 et
455 1713 568 1777 saepe,
598 1694 688 1775 quasi
709 1712 802 1758 nemo
824 1692 855 1759 id
875 1693 977 1759 videat
998 1711 1053 1760 aut
1073 1710 1185 1775 curet,

258 1812 362 1876 herois
385 1811 481 1879 instar
503 1830 558 1894 per
578 1811 685 1875 urbem
708 1812 858 1876 incedere.
905 1811 958 1877 Sic
992 1812 1087 1896 igitur
1114 1832 1185 1879 sua·

259 1927 384 1993 vissima
419 1929 476 1992 etit
515 1931 589 1992 haec
621 1928 820 2008 respublica,
848 1933 972 2006 leima
991 1934 1060 2000 τινὰ
1081 1934 1183 2013 ὁμοίως

257 2048 326 2120 irata
348 2072 383 2113 re
406 2049 456 2112 aaa}
477 2048 586 2118 civicam
608 2047 797 2125 διανέμουσα·
830 2048 1053 2131 aequalitatem
1082 2068 1184 2133 quan·

255 2160 328 2225 alam
359 2163 506 2225 similiter
532 2160 722 2244 aequalibus·
741 2161 1015 2248 inaequalibusque
1034 2160 1186 2229 distribu-

256 2299 318 2342 ens.
345 2273 387 2344 (Ι)

296 2394 345 2459 Sit
375 2411 448 2457 sane
476 2393 542 2468 ita,
580 2391 684 2472 prouti
713 2391 866 2459 diximus:
894 2395 1044 2459 hominem
1065 2395 1099 2460 in
1118 2396 1183 2463 dis·

255 2508 480 2590 quisitionibus
513 2509 597 2573 hiscc
626 2507 745 2589 tnagis,
779 2528 870 2589 quant
889 2513 1047 2575 civitatem
1070 2530 1182 2594 resque

252 2627 359 2690 civiles
380 2626 587 2706 exploraverit
607 2626 837 2707 philosophus:
857 2643 1077 2706 veruntamen,
1095 2629 1181 2709 quod

254 2746 331 2808 hanc
352 2744 462 2809 attinet
483 2742 668 2824 oligarchiac
697 2743 729 2806 in
756 2742 971 2807 democratiam
1000 2744 1181 2809 conversio-

251 2881 344 2938 nem,
374 2861 493 2925 etiamsi
525 2861 584 2923 hoc
615 2878 710 2923 unntn
742 2859 900 2925 habuisset
928 2861 1119 2938 consilium,
1143 2878 1180 2929 ut

251 2998 356 3042 earne
384 2977 561 3042 verissimae
591 2977 736 3057 politicae
763 2975 927 3057 principiis
960 2978 1181 3057 adumbraret,

252 3116 314 3159 rem
344 3114 418 3158 sane
439 3094 587 3175 perlicere
613 3093 786 3157 accuratius
818 3111 882 3157 non
904 3093 1073 3174 potuisset.
1114 3095 1178 3161 Ca·

251 3215 383 3277 vandum
411 3230 537 3289 autem,
568 3230 608 3274 ne
644 3212 859 3292 reprehensam
894 3214 1178 3293 exagitatamquea

252 3322 377 3394 l’latoue
399 3330 613 3393 democratiam
637 3345 801 3408 putemus,
824 3328 926 3407 qualis
944 3348 961 3393 a
981 3331 1097 3394 Solone
1109 3326 1177 3394 fue-

250 3463 296 3510 rat
319 3447 450 3511 Athenis
471 3446 642 3509 constituta
668 3463 703 3507 ac
722 3444 869 3524 deinceps
891 3444 929 3508 ab
954 3446 1082 3526 optimis
1107 3447 1177 3527 qui-

252 3567 374 3645 busque
406 3561 581 3627 oratoribtts
607 3560 748 3640 Atticis,
776 3560 815 3623 ab
844 3560 914 3642 ipso
941 3563 1176 3646 Demosthene,

142 3710 147 3721 ·
251 3682 371 3752 laudata
392 3697 438 3742 cst
454 3696 488 3742 ac
508 3678 731 3743 cotntnendata.
777 3677 849 3759 lpse
869 3697 934 3743 earu
952 3679 986 3743 in
1008 3680 1178 3746 Maracitana

251 3798 429 3864 celebravit.
443 3795 484 3862 (2)
522 3794 568 3858 Dc
586 3792 848 3860 conversionibus
859 3793 918 3859 hoc
933 3799 1004 3860 loco
1015 3794 1177 3862 civitatum
1261 3798 1264 3803 '

1163 3933 1180 3976 a

286 4088 324 4156 „3
346 4088 388 4135 m·
405 4085 476 4150 rap.
497 4076 581 4130 vttr.
598 4076 657 4129 aaa.
679 4077 709 4131 a.
726 4105 757 4124 .
774 4078 834 4130 aaa.
854 4078 889 4130 c.
933 4078 974 4149 (ι)
994 4077 1173 4131 mammas.
