<?xml version="1.0" encoding="UTF-8"?>
<!DOCTYPE html PUBLIC "-//W3C//DTD XHTML 1.0 Transitional//EN"
    "http://www.w3.org/TR/xhtml1/DTD/xhtml1-transitional.dtd">
<html xmlns="http://www.w3.org/1999/xhtml" xml:lang="en" lang="en">
 <head>
  <title>
</title>
<meta http-equiv="Content-Type" content="text/html;charset=utf-8" />
  <meta name='ocr-system' content='tesseract 3.04.00' />
  <meta name='ocr-capabilities' content='ocr_page ocr_carea ocr_par ocr_line ocrx_word'/>
</head>
<body>
  <div class='ocr_page' id='page_1' title='image "./initiaphilosoph04heusgoog_0073.png"; bbox 0 0 2896 5168; ppageno 0'>
   <div class='ocr_carea' id='block_1_1' title="bbox 634 491 803 562">
    <p class='ocr_par' dir='ltr' id='par_1_1' title="bbox 634 491 803 562">
     <span class='ocr_line' id='line_1_1' title="bbox 634 491 803 562; baseline 0 -17"><span class='ocrx_word' id='word_1_1' title='bbox 634 491 803 562; x_wconf 73' lang='lat'><strong><em>„⁶⁶-</em></strong></span> 
     </span>
    </p>
   </div>
   <div class='ocr_carea' id='block_1_2' title="bbox 170 672 1229 3788">
    <p class='ocr_par' dir='ltr' id='par_1_2' title="bbox 170 672 1229 3788">
     <span class='ocr_line' id='line_1_2' title="bbox 252 672 1178 766; baseline -0.004 -21"><span class='ocrx_word' id='word_1_2' title='bbox 252 679 341 766; x_wconf 80' lang='lat' dir='ltr'>Q&#39;uae</span> <span class='ocrx_word' id='word_1_3' title='bbox 362 692 435 743; x_wconf 89' lang='lat' dir='ltr'>sane</span> <span class='ocrx_word' id='word_1_4' title='bbox 455 673 633 756; x_wconf 86' lang='lat' dir='ltr'>disquisitio</span> <span class='ocrx_word' id='word_1_5' title='bbox 654 672 795 741; x_wconf 87' lang='lat' dir='ltr'>conferet</span> <span class='ocrx_word' id='word_1_6' title='bbox 814 688 1001 759; x_wconf 84' lang='lat' dir='ltr'>magnopere</span> <span class='ocrx_word' id='word_1_7' title='bbox 1019 672 1058 739; x_wconf 91' lang='lat' dir='ltr'>ad</span> <span class='ocrx_word' id='word_1_8' title='bbox 1079 674 1178 754; x_wconf 85' lang='lat' dir='ltr'>iilud,</span> 
     </span>
     <span class='ocr_line' id='line_1_3' title="bbox 252 789 1183 876; baseline -0.003 -16"><span class='ocrx_word' id='word_1_9' title='bbox 252 795 338 876; x_wconf 92' lang='lat' dir='ltr'>quod</span> <span class='ocrx_word' id='word_1_10' title='bbox 373 807 578 875; x_wconf 86' lang='lat' dir='ltr'><strong>spectamus,</strong></span> <span class='ocrx_word' id='word_1_11' title='bbox 611 790 886 874; x_wconf 86' lang='lat' dir='ltr'>perspiciendum,</span> <span class='ocrx_word' id='word_1_12' title='bbox 920 807 982 871; x_wconf 90' lang='lat' dir='ltr'>qua</span> <span class='ocrx_word' id='word_1_13' title='bbox 1010 789 1183 857; x_wconf 91' lang='lat' dir='ltr'>rationein</span> 
     </span>
     <span class='ocr_line' id='line_1_4' title="bbox 250 906 1229 994; baseline -0.002 -17"><span class='ocrx_word' id='word_1_14' title='bbox 250 910 376 977; x_wconf 87' lang='lat' dir='ltr'>civitate</span> <span class='ocrx_word' id='word_1_15' title='bbox 404 909 527 994; x_wconf 86' lang='lat' dir='ltr'>justitia</span> <span class='ocrx_word' id='word_1_16' title='bbox 559 921 590 973; x_wconf 92' lang='lat' dir='ltr'>et</span> <span class='ocrx_word' id='word_1_17' title='bbox 622 907 773 991; x_wconf 87' lang='lat' dir='ltr'>injustitia</span> <span class='ocrx_word' id='word_1_18' title='bbox 806 906 957 971; x_wconf 90' lang='lat' dir='ltr'>oriantur.</span> <span class='ocrx_word' id='word_1_19' title='bbox 999 906 1064 974; x_wconf 81' lang='lat' dir='ltr'>-Hic</span> <span class='ocrx_word' id='word_1_20' title='bbox 1090 909 1187 975; x_wconf 87' lang='lat' dir='ltr'>frater</span> <span class='ocrx_word' id='word_1_21' title='bbox 1223 908 1229 918; x_wconf 77' lang='lat'><strong>&#39;</strong></span> 
     </span>
     <span class='ocr_line' id='line_1_5' title="bbox 252 1021 1183 1108; baseline -0.001 -15"><span class='ocrx_word' id='word_1_22' title='bbox 252 1026 451 1106; x_wconf 85' lang='lat' dir='ltr'>Glauconis,</span> <span class='ocrx_word' id='word_1_23' title='bbox 473 1044 573 1104; x_wconf 88' lang='lat' dir='ltr'>vero,</span> <span class='ocrx_word' id='word_1_24' title='bbox 595 1022 722 1104; x_wconf 88' lang='lat' dir='ltr'>inquit,</span> <span class='ocrx_word' id='word_1_25' title='bbox 742 1036 797 1102; x_wconf 89' lang='lat' dir='ltr'>et,</span> <span class='ocrx_word' id='word_1_26' title='bbox 836 1039 885 1085; x_wconf 94' lang='lat' dir='ltr'>me</span> <span class='ocrx_word' id='word_1_27' title='bbox 907 1021 1030 1103; x_wconf 88' lang='lat' dir='ltr'>quidem</span> <span class='ocrx_word' id='word_1_28' title='bbox 1054 1022 1183 1108; x_wconf 71' lang='lat' dir='ltr'>iudice,</span> 
     </span>
     <span class='ocr_line' id='line_1_6' title="bbox 251 1137 1183 1223; baseline -0.003 -14"><span class='ocrx_word' id='word_1_29' title='bbox 251 1144 382 1209; x_wconf 86' lang='lat' dir='ltr'>maxime</span> <span class='ocrx_word' id='word_1_30' title='bbox 413 1142 488 1207; x_wconf 88' lang='lat' dir='ltr'>iiiuc</span> <span class='ocrx_word' id='word_1_31' title='bbox 522 1138 674 1205; x_wconf 86' lang='lat' dir='ltr'>conferet.</span> <span class='ocrx_word' id='word_1_32' title='bbox 719 1137 783 1204; x_wconf 90' lang='lat' dir='ltr'>Cui</span> <span class='ocrx_word' id='word_1_33' title='bbox 812 1137 977 1217; x_wconf 86' lang='lat' dir='ltr'>Socrates,</span> <span class='ocrx_word' id='word_1_34' title='bbox 999 1156 1056 1220; x_wconf 88' lang='lat' dir='ltr'>per</span> <span class='ocrx_word' id='word_1_35' title='bbox 1071 1139 1183 1223; x_wconf 86' lang='lat' dir='ltr'>Jovem</span> 
     </span>
     <span class='ocr_line' id='line_1_7' title="bbox 170 1254 1183 1343; baseline 0 -21"><span class='ocrx_word' id='word_1_36' title='bbox 170 1293 175 1303; x_wconf 92' lang='lat'><em>·</em></span> <span class='ocrx_word' id='word_1_37' title='bbox 252 1260 369 1343; x_wconf 81' lang='lat' dir='ltr'>igitur,</span> <span class='ocrx_word' id='word_1_38' title='bbox 392 1258 435 1325; x_wconf 90' lang='lat' dir='ltr'>mi</span> <span class='ocrx_word' id='word_1_39' title='bbox 455 1256 644 1334; x_wconf 86' lang='lat' dir='ltr'>Adimante,</span> <span class='ocrx_word' id='word_1_40' title='bbox 666 1272 731 1320; x_wconf 90' lang='lat' dir='ltr'>non</span> <span class='ocrx_word' id='word_1_41' title='bbox 757 1254 967 1321; x_wconf 89' lang='lat' dir='ltr'>desistendum</span> <span class='ocrx_word' id='word_1_42' title='bbox 990 1255 1082 1321; x_wconf 89' lang='lat' dir='ltr'>nobis</span> <span class='ocrx_word' id='word_1_43' title='bbox 1104 1257 1183 1339; x_wconf 86' lang='lat' dir='ltr'>erit,</span> 
     </span>
     <span class='ocr_line' id='line_1_8' title="bbox 252 1371 1184 1458; baseline -0.001 -17"><span class='ocrx_word' id='word_1_44' title='bbox 252 1374 370 1442; x_wconf 90' lang='lat' dir='ltr'>etiamsi</span> <span class='ocrx_word' id='word_1_45' title='bbox 400 1374 525 1458; x_wconf 86' lang='lat' dir='ltr'>longior</span> <span class='ocrx_word' id='word_1_46' title='bbox 552 1373 658 1439; x_wconf 83' lang='lat' dir='ltr'>futura</span> <span class='ocrx_word' id='word_1_47' title='bbox 687 1371 868 1452; x_wconf 85' lang='lat' dir='ltr'>disquisitio</span> <span class='ocrx_word' id='word_1_48' title='bbox 893 1371 947 1436; x_wconf 87' lang='lat' dir='ltr'>sit.</span> <span class='ocrx_word' id='word_1_49' title='bbox 976 1405 1023 1423; x_wconf 91' lang='lat'><em>-</em></span> <span class='ocrx_word' id='word_1_50' title='bbox 1051 1373 1184 1440; x_wconf 88' lang='lat' dir='ltr'>Minime</span> 
     </span>
     <span class='ocr_line' id='line_1_9' title="bbox 252 1487 1182 1573; baseline -0.004 -15"><span class='ocrx_word' id='word_1_51' title='bbox 252 1511 341 1558; x_wconf 83' lang='lat' dir='ltr'>vero.</span> <span class='ocrx_word' id='word_1_52' title='bbox 372 1526 418 1547; x_wconf 88' lang='lat'>-</span> <span class='ocrx_word' id='word_1_53' title='bbox 449 1493 518 1572; x_wconf 82' lang='lat' dir='ltr'>Age</span> <span class='ocrx_word' id='word_1_54' title='bbox 555 1488 671 1573; x_wconf 83' lang='lat' dir='ltr'>igitur,</span> <span class='ocrx_word' id='word_1_55' title='bbox 713 1489 970 1569; x_wconf 79' lang='lat' dir='ltr'>quemadmodum</span> <span class='ocrx_word' id='word_1_56' title='bbox 1005 1488 1037 1553; x_wconf 88' lang='lat' dir='ltr'>in</span> <span class='ocrx_word' id='word_1_57' title='bbox 1067 1487 1182 1555; x_wconf 86' lang='lat' dir='ltr'>fabulis</span> 
     </span>
     <span class='ocr_line' id='line_1_10' title="bbox 253 1602 1184 1690; baseline -0.005 -17"><span class='ocrx_word' id='word_1_58' title='bbox 253 1609 352 1674; x_wconf 87' lang='lat' dir='ltr'>otium</span> <span class='ocrx_word' id='word_1_59' title='bbox 380 1621 505 1690; x_wconf 87' lang='lat' dir='ltr'>agentes</span> <span class='ocrx_word' id='word_1_60' title='bbox 527 1602 850 1684; x_wconf 88' lang='lat' dir='ltr'>confabulantesque,</span> <span class='ocrx_word' id='word_1_61' title='bbox 884 1604 1023 1668; x_wconf 88' lang='lat' dir='ltr'>oratione</span> <span class='ocrx_word' id='word_1_62' title='bbox 1043 1603 1103 1668; x_wconf 91' lang='lat' dir='ltr'>hos</span> <span class='ocrx_word' id='word_1_63' title='bbox 1124 1604 1184 1668; x_wconf 91' lang='lat' dir='ltr'>ho-</span> 
     </span>
     <span class='ocr_line' id='line_1_11' title="bbox 251 1719 1182 1806; baseline -0.006 -16"><span class='ocrx_word' id='word_1_64' title='bbox 251 1725 350 1790; x_wconf 80' lang='lat' dir='ltr'>mines</span> <span class='ocrx_word' id='word_1_65' title='bbox 384 1723 596 1790; x_wconf 86' lang='lat' dir='ltr'>instituamus.</span> <span class='ocrx_word' id='word_1_66' title='bbox 617 1757 664 1774; x_wconf 89' lang='lat'>-</span> <span class='ocrx_word' id='word_1_67' title='bbox 692 1720 745 1787; x_wconf 87' lang='lat' dir='ltr'>Sic</span> <span class='ocrx_word' id='word_1_68' title='bbox 777 1720 879 1786; x_wconf 85' lang='lat' dir='ltr'>decet.</span> <span class='ocrx_word' id='word_1_69' title='bbox 902 1720 1057 1806; x_wconf 88' lang='lat' dir='ltr'>-Quae</span> <span class='ocrx_word' id='word_1_70' title='bbox 1085 1719 1182 1803; x_wconf 76' lang='lat' dir='ltr'>igitur</span> 
     </span>
     <span class='ocr_line' id='line_1_12' title="bbox 252 1835 1184 1924; baseline -0.002 -18"><span class='ocrx_word' id='word_1_71' title='bbox 252 1839 312 1906; x_wconf 91' lang='lat' dir='ltr'>erit</span> <span class='ocrx_word' id='word_1_72' title='bbox 334 1839 527 1924; x_wconf 71' lang='lat' dir='ltr'>disciplina?</span> <span class='ocrx_word' id='word_1_73' title='bbox 571 1838 666 1905; x_wconf 88' lang='lat' dir='ltr'>Haud</span> <span class='ocrx_word' id='word_1_74' title='bbox 683 1835 774 1903; x_wconf 90' lang='lat' dir='ltr'>facile</span> <span class='ocrx_word' id='word_1_75' title='bbox 793 1837 905 1903; x_wconf 89' lang='lat' dir='ltr'>melior</span> <span class='ocrx_word' id='word_1_76' title='bbox 926 1838 1095 1920; x_wconf 84' lang='lat' dir='ltr'>reperiatur</span> <span class='ocrx_word' id='word_1_77' title='bbox 1112 1838 1184 1920; x_wconf 81' lang='lat' dir='ltr'>illa,</span> 
     </span>
     <span class='ocr_line' id='line_1_13' title="bbox 251 1955 1183 2039; baseline -0.003 -16"><span class='ocrx_word' id='word_1_78' title='bbox 251 1977 331 2039; x_wconf 89' lang='lat' dir='ltr'>quae</span> <span class='ocrx_word' id='word_1_79' title='bbox 351 1978 369 2023; x_wconf 92' lang='lat' dir='ltr'>a</span> <span class='ocrx_word' id='word_1_80' title='bbox 391 1959 487 2039; x_wconf 87' lang='lat' dir='ltr'>longo</span> <span class='ocrx_word' id='word_1_81' title='bbox 509 1955 581 2020; x_wconf 90' lang='lat' dir='ltr'>inde</span> <span class='ocrx_word' id='word_1_82' title='bbox 600 1969 740 2038; x_wconf 86' lang='lat' dir='ltr'>tempore</span> <span class='ocrx_word' id='word_1_83' title='bbox 761 1970 880 2036; x_wconf 87' lang='lat' dir='ltr'>reperta</span> <span class='ocrx_word' id='word_1_84' title='bbox 900 1969 970 2019; x_wconf 82' lang='lat' dir='ltr'>esta</span> <span class='ocrx_word' id='word_1_85' title='bbox 994 1969 1042 2021; x_wconf 88' lang='lat' dir='ltr'>eet</span> <span class='ocrx_word' id='word_1_86' title='bbox 1060 1968 1183 2038; x_wconf 88' lang='lat' dir='ltr'>autem,</span> 
     </span>
     <span class='ocr_line' id='line_1_14' title="bbox 252 2070 1185 2156; baseline -0.001 -20"><span class='ocrx_word' id='word_1_87' title='bbox 252 2074 340 2156; x_wconf 91' lang='lat' dir='ltr'>quod</span> <span class='ocrx_word' id='word_1_88' title='bbox 357 2075 393 2138; x_wconf 91' lang='lat' dir='ltr'>ad</span> <span class='ocrx_word' id='word_1_89' title='bbox 415 2090 532 2153; x_wconf 87' lang='lat' dir='ltr'>corpus</span> <span class='ocrx_word' id='word_1_90' title='bbox 555 2070 688 2150; x_wconf 86' lang='lat' dir='ltr'>attinet,</span> <span class='ocrx_word' id='word_1_91' title='bbox 711 2071 925 2153; x_wconf 80' lang='lat' dir='ltr'>gymnastica‚</span> <span class='ocrx_word' id='word_1_92' title='bbox 953 2072 1040 2152; x_wconf 89' lang='lat' dir='ltr'>quod</span> <span class='ocrx_word' id='word_1_93' title='bbox 1059 2072 1098 2135; x_wconf 93' lang='lat' dir='ltr'>ad</span> <span class='ocrx_word' id='word_1_94' title='bbox 1118 2070 1185 2136; x_wconf 88' lang='lat' dir='ltr'>ani·</span> 
     </span>
     <span class='ocr_line' id='line_1_15' title="bbox 252 2187 1182 2270; baseline 0.002 -17"><span class='ocrx_word' id='word_1_95' title='bbox 252 2206 361 2270; x_wconf 90' lang='lat' dir='ltr'>mum,</span> <span class='ocrx_word' id='word_1_96' title='bbox 394 2188 523 2254; x_wconf 87' lang='lat' dir='ltr'>musica.</span> <span class='ocrx_word' id='word_1_97' title='bbox 547 2187 672 2254; x_wconf 88' lang='lat' dir='ltr'>-Est</span> <span class='ocrx_word' id='word_1_98' title='bbox 704 2206 790 2253; x_wconf 88' lang='lat' dir='ltr'>sane.</span> <span class='ocrx_word' id='word_1_99' title='bbox 811 2225 857 2240; x_wconf 93' lang='lat'><em>-</em></span> <span class='ocrx_word' id='word_1_100' title='bbox 876 2187 994 2254; x_wconf 88' lang='lat' dir='ltr'>Nonne</span> <span class='ocrx_word' id='word_1_101' title='bbox 1018 2207 1036 2254; x_wconf 88' lang='lat' dir='ltr'>a</span> <span class='ocrx_word' id='word_1_102' title='bbox 1061 2187 1182 2255; x_wconf 77' lang='lat' dir='ltr'>musica</span> 
     </span>
     <span class='ocr_line' id='line_1_16' title="bbox 252 2283 1184 2388; baseline 0.003 -19"><span class='ocrx_word' id='word_1_103' title='bbox 252 2283 340 2388; x_wconf 83' lang='lat' dir='ltr'>prius</span> <span class='ocrx_word' id='word_1_104' title='bbox 371 2323 462 2388; x_wconf 89' lang='lat' dir='ltr'>quam</span> <span class='ocrx_word' id='word_1_105' title='bbox 494 2324 512 2370; x_wconf 92' lang='lat' dir='ltr'>a</span> <span class='ocrx_word' id='word_1_106' title='bbox 541 2305 732 2388; x_wconf 82' lang='lat' dir='ltr'>gymnastica</span> <span class='ocrx_word' id='word_1_107' title='bbox 759 2304 924 2386; x_wconf 81' lang='lat' dir='ltr'>disciplina</span> <span class='ocrx_word' id='word_1_108' title='bbox 951 2305 1117 2372; x_wconf 74' lang='lat' dir='ltr'>ducenda?</span> <span class='ocrx_word' id='word_1_109' title='bbox 1137 2341 1184 2358; x_wconf 93' lang='lat'>-</span> 
     </span>
     <span class='ocr_line' id='line_1_17' title="bbox 227 2420 1184 2512; baseline 0.002 -24"><span class='ocrx_word' id='word_1_110' title='bbox 227 2420 358 2512; x_wconf 30' lang='lat' dir='ltr'>&#39;Certe</span> <span class='ocrx_word' id='word_1_111' title='bbox 388 2457 432 2474; x_wconf 87' lang='lat'><em>-</em></span> <span class='ocrx_word' id='word_1_112' title='bbox 462 2421 617 2488; x_wconf 89' lang='lat' dir='ltr'>Musicam</span> <span class='ocrx_word' id='word_1_113' title='bbox 650 2421 780 2504; x_wconf 88' lang='lat' dir='ltr'>dicens,</span> <span class='ocrx_word' id='word_1_114' title='bbox 812 2440 916 2487; x_wconf 90' lang='lat' dir='ltr'>nonne</span> <span class='ocrx_word' id='word_1_115' title='bbox 946 2441 1104 2489; x_wconf 88' lang='lat' dir='ltr'>sermones</span> <span class='ocrx_word' id='word_1_116' title='bbox 1134 2423 1184 2490; x_wconf 91' lang='lat' dir='ltr'>in·</span> 
     </span>
     <span class='ocr_line' id='line_1_18' title="bbox 251 2536 1181 2622; baseline 0.004 -19"><span class='ocrx_word' id='word_1_117' title='bbox 251 2536 365 2620; x_wconf 85' lang='lat' dir='ltr'>telligis</span> <span class='ocrx_word' id='word_1_118' title='bbox 396 2536 497 2603; x_wconf 76' lang='lat' dir='ltr'>item?</span> <span class='ocrx_word' id='word_1_119' title='bbox 529 2573 574 2590; x_wconf 90' lang='lat'><em>-</em></span> <span class='ocrx_word' id='word_1_120' title='bbox 602 2537 759 2622; x_wconf 86' lang='lat' dir='ltr'>Intelligo.</span> <span class='ocrx_word' id='word_1_121' title='bbox 792 2573 839 2590; x_wconf 93' lang='lat'>-</span> <span class='ocrx_word' id='word_1_122' title='bbox 867 2540 1052 2604; x_wconf 87' lang='lat' dir='ltr'>Sermonum</span> <span class='ocrx_word' id='word_1_123' title='bbox 1078 2554 1181 2607; x_wconf 88' lang='lat' dir='ltr'>autem</span> 
     </span>
     <span class='ocr_line' id='line_1_19' title="bbox 251 2653 1184 2738; baseline 0.004 -18"><span class='ocrx_word' id='word_1_124' title='bbox 251 2655 368 2738; x_wconf 85' lang='lat' dir='ltr'>duplex</span> <span class='ocrx_word' id='word_1_125' title='bbox 392 2672 491 2736; x_wconf 80' lang='lat' dir='ltr'>genus</span> <span class='ocrx_word' id='word_1_126' title='bbox 513 2671 585 2735; x_wconf 91' lang='lat' dir='ltr'>est,</span> <span class='ocrx_word' id='word_1_127' title='bbox 605 2656 733 2721; x_wconf 85' lang='lat' dir='ltr'>alterum</span> <span class='ocrx_word' id='word_1_128' title='bbox 754 2674 888 2736; x_wconf 85' lang='lat' dir='ltr'>verum,</span> <span class='ocrx_word' id='word_1_129' title='bbox 910 2653 1023 2722; x_wconf 86' lang='lat' dir='ltr'>faisum</span> <span class='ocrx_word' id='word_1_130' title='bbox 1044 2676 1118 2723; x_wconf 88' lang='lat' dir='ltr'>vero</span> <span class='ocrx_word' id='word_1_131' title='bbox 1139 2660 1184 2724; x_wconf 89' lang='lat' dir='ltr'>al·</span> 
     </span>
     <span class='ocr_line' id='line_1_20' title="bbox 252 2772 1180 2858; baseline 0.004 -22"><span class='ocrx_word' id='word_1_132' title='bbox 252 2787 363 2839; x_wconf 88' lang='lat' dir='ltr'>terum.</span> <span class='ocrx_word' id='word_1_133' title='bbox 395 2806 442 2823; x_wconf 93' lang='lat'>-</span> <span class='ocrx_word' id='word_1_134' title='bbox 469 2773 529 2838; x_wconf 87' lang='lat' dir='ltr'>Est</span> <span class='ocrx_word' id='word_1_135' title='bbox 560 2772 612 2842; x_wconf 88' lang='lat' dir='ltr'>ira.</span> <span class='ocrx_word' id='word_1_136' title='bbox 634 2808 678 2824; x_wconf 91' lang='lat'><em>-</em></span> <span class='ocrx_word' id='word_1_137' title='bbox 697 2772 923 2838; x_wconf 83' lang='lat' dir='ltr'>instituendum</span> <span class='ocrx_word' id='word_1_138' title='bbox 954 2790 1087 2857; x_wconf 87' lang='lat' dir='ltr'>utroque</span> <span class='ocrx_word' id='word_1_139' title='bbox 1111 2789 1180 2858; x_wconf 82' lang='lat' dir='ltr'>est3</span> 
     </span>
     <span class='ocr_line' id='line_1_21' title="bbox 252 2888 1183 2975; baseline 0.008 -23"><span class='ocrx_word' id='word_1_140' title='bbox 252 2888 339 2970; x_wconf 88' lang='lat' dir='ltr'>prius</span> <span class='ocrx_word' id='word_1_141' title='bbox 371 2902 472 2953; x_wconf 90' lang='lat' dir='ltr'>autem</span> <span class='ocrx_word' id='word_1_142' title='bbox 508 2888 601 2955; x_wconf 78' lang='lat' dir='ltr'>falso.</span> <span class='ocrx_word' id='word_1_143' title='bbox 628 2925 674 2940; x_wconf 92' lang='lat'><em>-</em></span> <span class='ocrx_word' id='word_1_144' title='bbox 705 2889 740 2953; x_wconf 88' lang='lat' dir='ltr'>id</span> <span class='ocrx_word' id='word_1_145' title='bbox 770 2909 835 2956; x_wconf 93' lang='lat' dir='ltr'>non</span> <span class='ocrx_word' id='word_1_146' title='bbox 870 2890 1021 2975; x_wconf 85' lang='lat' dir='ltr'>intelligo.</span> <span class='ocrx_word' id='word_1_147' title='bbox 1052 2928 1098 2946; x_wconf 92' lang='lat'>-·</span> <span class='ocrx_word' id='word_1_148' title='bbox 1127 2892 1183 2959; x_wconf 82' lang='lat' dir='ltr'>Tu</span> 
     </span>
     <span class='ocr_line' id='line_1_22' title="bbox 253 3006 1182 3090; baseline 0.006 -20"><span class='ocrx_word' id='word_1_149' title='bbox 253 3024 328 3070; x_wconf 81' lang='lat' dir='ltr'>vero</span> <span class='ocrx_word' id='word_1_150' title='bbox 358 3023 423 3070; x_wconf 88' lang='lat' dir='ltr'>non</span> <span class='ocrx_word' id='word_1_151' title='bbox 452 3006 623 3089; x_wconf 78' lang='lat' dir='ltr'>intelligis,</span> <span class='ocrx_word' id='word_1_152' title='bbox 663 3008 769 3090; x_wconf 85' lang='lat' dir='ltr'>pueris</span> <span class='ocrx_word' id='word_1_153' title='bbox 798 3027 858 3072; x_wconf 87' lang='lat' dir='ltr'>nos</span> <span class='ocrx_word' id='word_1_154' title='bbox 892 3008 1026 3090; x_wconf 85' lang='lat' dir='ltr'>primum</span> <span class='ocrx_word' id='word_1_155' title='bbox 1060 3007 1182 3076; x_wconf 86' lang='lat' dir='ltr'>fabulas</span> 
     </span>
     <span class='ocr_line' id='line_1_23' title="bbox 253 3123 1183 3205; baseline 0.004 -18"><span class='ocrx_word' id='word_1_156' title='bbox 253 3124 403 3189; x_wconf 75' lang='lat' dir='ltr'>narrare?</span> <span class='ocrx_word' id='word_1_157' title='bbox 439 3123 496 3187; x_wconf 93' lang='lat' dir='ltr'>hae</span> <span class='ocrx_word' id='word_1_158' title='bbox 524 3139 643 3202; x_wconf 89' lang='lat' dir='ltr'>aurem,</span> <span class='ocrx_word' id='word_1_159' title='bbox 680 3139 714 3188; x_wconf 89' lang='lat' dir='ltr'>ut</span> <span class='ocrx_word' id='word_1_160' title='bbox 746 3125 894 3189; x_wconf 87' lang='lat' dir='ltr'>universe</span> <span class='ocrx_word' id='word_1_161' title='bbox 925 3125 1046 3205; x_wconf 86' lang='lat' dir='ltr'>dicam,</span> <span class='ocrx_word' id='word_1_162' title='bbox 1087 3124 1183 3191; x_wconf 84' lang='lat' dir='ltr'>falsae</span> 
     </span>
     <span class='ocr_line' id='line_1_24' title="bbox 255 3239 1182 3321; baseline 0 -15"><span class='ocrx_word' id='word_1_163' title='bbox 255 3254 351 3307; x_wconf 83' lang='lat' dir='ltr'>sunt:</span> <span class='ocrx_word' id='word_1_164' title='bbox 381 3239 487 3306; x_wconf 84' lang='lat' dir='ltr'>insunt</span> <span class='ocrx_word' id='word_1_165' title='bbox 517 3253 618 3305; x_wconf 90' lang='lat' dir='ltr'>tamen</span> <span class='ocrx_word' id='word_1_166' title='bbox 648 3240 737 3305; x_wconf 89' lang='lat' dir='ltr'>etiam</span> <span class='ocrx_word' id='word_1_167' title='bbox 770 3259 863 3321; x_wconf 82' lang='lat' dir='ltr'>vera3</span> <span class='ocrx_word' id='word_1_168' title='bbox 896 3240 984 3321; x_wconf 88' lang='lat' dir='ltr'>prius</span> <span class='ocrx_word' id='word_1_169' title='bbox 1010 3255 1111 3307; x_wconf 88' lang='lat' dir='ltr'>autem</span> <span class='ocrx_word' id='word_1_170' title='bbox 1138 3239 1182 3306; x_wconf 83' lang='lat' dir='ltr'>fa·</span> 
     </span>
     <span class='ocr_line' id='line_1_25' title="bbox 254 3337 1182 3438; baseline 0.002 -17"><span class='ocrx_word' id='word_1_171' title='bbox 254 3356 340 3421; x_wconf 86' lang='lat' dir='ltr'>bulis</span> <span class='ocrx_word' id='word_1_172' title='bbox 359 3357 397 3421; x_wconf 87' lang='lat' dir='ltr'>ad</span> <span class='ocrx_word' id='word_1_173' title='bbox 420 3375 557 3437; x_wconf 88' lang='lat' dir='ltr'>pueros,</span> <span class='ocrx_word' id='word_1_174' title='bbox 588 3375 677 3437; x_wconf 87' lang='lat' dir='ltr'>quam</span> <span class='ocrx_word' id='word_1_175' title='bbox 702 3337 868 3438; x_wconf 70' lang='lat' dir='ltr'>gy‘nrnasris</span> <span class='ocrx_word' id='word_1_176' title='bbox 887 3355 1014 3420; x_wconf 82' lang='lat' dir='ltr'>urimur.</span> <span class='ocrx_word' id='word_1_177' title='bbox 1036 3357 1182 3438; x_wconf 86' lang='lat' dir='ltr'>-Est,</span> 
     </span>
     <span class='ocr_line' id='line_1_26' title="bbox 255 3471 1184 3556; baseline -0.002 -16"><span class='ocrx_word' id='word_1_178' title='bbox 255 3490 290 3540; x_wconf 89' lang='lat' dir='ltr'>ut</span> <span class='ocrx_word' id='word_1_179' title='bbox 320 3472 411 3539; x_wconf 85' lang='lat' dir='ltr'>dicis.</span> <span class='ocrx_word' id='word_1_180' title='bbox 442 3506 488 3524; x_wconf 90' lang='lat'>-</span> <span class='ocrx_word' id='word_1_181' title='bbox 520 3473 588 3536; x_wconf 84' lang='lat' dir='ltr'>Hoc</span> <span class='ocrx_word' id='word_1_182' title='bbox 622 3490 695 3553; x_wconf 84' lang='lat' dir='ltr'>ergo</span> <span class='ocrx_word' id='word_1_183' title='bbox 724 3471 891 3551; x_wconf 84' lang='lat' dir='ltr'>volebam,</span> <span class='ocrx_word' id='word_1_184' title='bbox 924 3489 995 3537; x_wconf 89' lang='lat' dir='ltr'>cum</span> <span class='ocrx_word' id='word_1_185' title='bbox 1026 3473 1184 3556; x_wconf 79' lang='lat' dir='ltr'>dicerem,</span> 
     </span>
     <span class='ocr_line' id='line_1_27' title="bbox 254 3588 1187 3670; baseline 0.001 -17"><span class='ocrx_word' id='word_1_186' title='bbox 254 3591 438 3656; x_wconf 86' lang='lat' dir='ltr'>tractandam</span> <span class='ocrx_word' id='word_1_187' title='bbox 473 3589 561 3670; x_wconf 87' lang='lat' dir='ltr'>prius</span> <span class='ocrx_word' id='word_1_188' title='bbox 592 3607 662 3654; x_wconf 87' lang='lat' dir='ltr'>esse</span> <span class='ocrx_word' id='word_1_189' title='bbox 690 3588 859 3667; x_wconf 88' lang='lat' dir='ltr'>musicam,</span> <span class='ocrx_word' id='word_1_190' title='bbox 891 3607 980 3668; x_wconf 87' lang='lat' dir='ltr'>quam</span> <span class='ocrx_word' id='word_1_191' title='bbox 1015 3590 1187 3670; x_wconf 84' lang='lat' dir='ltr'>gymnasti-</span> 
     </span>
     <span class='ocr_line' id='line_1_28' title="bbox 255 3702 1183 3788; baseline 0.003 -16"><span class='ocrx_word' id='word_1_192' title='bbox 255 3725 336 3773; x_wconf 66' lang='lat' dir='ltr'>cam·</span> <span class='ocrx_word' id='word_1_193' title='bbox 355 3742 402 3758; x_wconf 93' lang='lat'>-</span> <span class='ocrx_word' id='word_1_194' title='bbox 422 3706 532 3771; x_wconf 82' lang='lat' dir='ltr'>Recte.</span> <span class='ocrx_word' id='word_1_195' title='bbox 555 3738 600 3757; x_wconf 91' lang='lat'>·-</span> <span class='ocrx_word' id='word_1_196' title='bbox 621 3710 735 3773; x_wconf 79' lang='grc' dir='ltr'><em>Οὐκοῦν</em></span> <span class='ocrx_word' id='word_1_197' title='bbox 764 3702 867 3783; x_wconf 67' lang='grc' dir='ltr'>οἶσθα,</span> <span class='ocrx_word' id='word_1_198' title='bbox 895 3703 939 3774; x_wconf 79' lang='lat' dir='ltr'>i&#39;rr</span> <span class='ocrx_word' id='word_1_199' title='bbox 966 3708 1048 3788; x_wconf 62' lang='lat' dir='ltr'>dexi</span> <span class='ocrx_word' id='word_1_200' title='bbox 1070 3707 1183 3785; x_wconf 72' lang='grc' dir='ltr'><strong><em>πάντας</em></strong></span> 
     </span>
    </p>
   </div>
   <div class='ocr_carea' id='block_1_3' title="bbox 256 3822 1182 3910">
    <p class='ocr_par' dir='ltr' id='par_1_3' title="bbox 256 3822 1182 3910">
     <span class='ocr_line' id='line_1_29' title="bbox 256 3822 1182 3910; baseline -0.008 -15"><span class='ocrx_word' id='word_1_201' title='bbox 256 3827 343 3910; x_wconf 72' lang='grc' dir='ltr'><strong><em>ἔργον</em></strong></span> <span class='ocrx_word' id='word_1_202' title='bbox 367 3826 508 3906; x_wconf 58' lang='lat' dir='ltr'>rederent,</span> <span class='ocrx_word' id='word_1_203' title='bbox 528 3822 631 3897; x_wconf 76' lang='grc' dir='ltr'><strong><em>ἄλλως</em></strong></span> <span class='ocrx_word' id='word_1_204' title='bbox 652 3848 687 3888; x_wconf 81' lang='grc' dir='ltr'>τε</span> <span class='ocrx_word' id='word_1_205' title='bbox 705 3825 754 3888; x_wconf 74' lang='grc' dir='ltr'>καὶ</span> <span class='ocrx_word' id='word_1_206' title='bbox 778 3825 831 3905; x_wconf 74' lang='grc' dir='ltr'>νεῷ</span> <span class='ocrx_word' id='word_1_207' title='bbox 852 3823 902 3888; x_wconf 72' lang='grc' dir='ltr'>καὶ</span> <span class='ocrx_word' id='word_1_208' title='bbox 923 3823 1034 3900; x_wconf 64' lang='grc' dir='ltr'><strong><em>ἁπαλῷ</em></strong></span> <span class='ocrx_word' id='word_1_209' title='bbox 1057 3822 1182 3902; x_wconf 58' lang='lat' dir='ltr'>herdae</span> 
     </span>
    </p>
   </div>
   <div class='ocr_carea' id='block_1_4' title="bbox 256 3935 1180 4023">
    <p class='ocr_par' dir='ltr' id='par_1_4' title="bbox 256 3935 1180 4023">
     <span class='ocr_line' id='line_1_30' title="bbox 256 3935 1180 4023; baseline -0.005 -14"><span class='ocrx_word' id='word_1_210' title='bbox 256 3943 376 4022; x_wconf 65' lang='lat' dir='ltr'>odaiae</span> <span class='ocrx_word' id='word_1_211' title='bbox 404 3943 465 4023; x_wconf 70' lang='lat' dir='ltr'>ydra</span> <span class='ocrx_word' id='word_1_212' title='bbox 494 3943 528 4016; x_wconf 72' lang='lat' dir='ltr'>ai</span> <span class='ocrx_word' id='word_1_213' title='bbox 558 3940 627 4007; x_wconf 78' lang='grc' dir='ltr'>τότε</span> <span class='ocrx_word' id='word_1_214' title='bbox 658 3939 831 4007; x_wconf 66' lang='grc' dir='ltr'><em>πλάττεται</em></span> <span class='ocrx_word' id='word_1_215' title='bbox 859 3938 916 4004; x_wconf 78' lang='lat' dir='ltr'>utri·</span> <span class='ocrx_word' id='word_1_216' title='bbox 936 3935 1068 4002; x_wconf 64' lang='lat' dir='ltr'>drideret</span> <span class='ocrx_word' id='word_1_217' title='bbox 1086 3938 1180 4014; x_wconf 73' lang='grc' dir='ltr'><em>τύπος</em></span> 
     </span>
    </p>
   </div>
   <div class='ocr_carea' id='block_1_5' title="bbox 255 4047 1186 4231">
    <p class='ocr_par' dir='ltr' id='par_1_5' title="bbox 255 4047 1186 4231">
     <span class='ocr_line' id='line_1_31' title="bbox 255 4047 1180 4138; baseline -0.01 -11"><span class='ocrx_word' id='word_1_218' title='bbox 255 4054 287 4127; x_wconf 70' lang='grc' dir='ltr'>ὃν</span> <span class='ocrx_word' id='word_1_219' title='bbox 308 4057 345 4126; x_wconf 70' lang='grc' dir='ltr'>ἄν</span> <span class='ocrx_word' id='word_1_220' title='bbox 361 4081 408 4132; x_wconf 76' lang='lat' dir='ltr'>rte</span> <span class='ocrx_word' id='word_1_221' title='bbox 427 4058 575 4138; x_wconf 70' lang='grc' dir='ltr'>βούληται</span> <span class='ocrx_word' id='word_1_222' title='bbox 595 4057 809 4135; x_wconf 62' lang='grc' dir='ltr'>ἐνσημήνασθαι</span> <span class='ocrx_word' id='word_1_223' title='bbox 835 4054 944 4135; x_wconf 72' lang='lat' dir='ltr'>iurisq-</span> <span class='ocrx_word' id='word_1_224' title='bbox 989 4047 1043 4115; x_wconf 77' lang='lat' dir='ltr'>Aa</span> <span class='ocrx_word' id='word_1_225' title='bbox 1064 4056 1180 4131; x_wconf 80' lang='lat' dir='ltr'>nescis,</span> 
     </span>
     <span class='ocr_line' id='line_1_32' title="bbox 1151 4189 1186 4231; baseline 0.057 -2"><span class='ocrx_word' id='word_1_226' title='bbox 1151 4189 1186 4231; x_wconf 77' lang='lat' dir='ltr'>m</span> 
     </span>
    </p>
   </div>
   <div class='ocr_carea' id='block_1_6' title="bbox 0 0 1457 5168">
    <p class='ocr_par' dir='ltr' id='par_1_6' title="bbox 0 0 1457 5168">
     <span class='ocr_line' id='line_1_33' title="bbox 0 0 1457 5168; baseline 0 0"><span class='ocrx_word' id='word_1_227' title='bbox 0 0 1457 5168; x_wconf 95' lang='lat' dir='ltr'> </span> 
     </span>
    </p>
   </div>
  </div>
 </body>
</html>
