2896 5168
613 424 806 485 -168-

250 626 266 670 c
287 605 464 689 tyrannide,
496 620 531 668 ιιι
559 603 712 687 descripta
738 624 755 668 a
780 602 909 668 Platone
937 615 1010 679 est,
1036 598 1115 664 effici
1141 599 1173 666 in

251 724 357 806 primis
377 742 494 805 posse,
523 722 815 801 animadvertimus3
849 739 888 784 cx
917 719 973 783 hac
998 732 1100 782 autern
1123 732 1174 800 ty-

250 839 366 903 rannici
389 839 447 903 viri
472 838 681 920 descriptione
710 853 775 901 non
805 835 930 915 minus,
953 833 1067 915 credo,
1095 852 1175 915 quae

249 953 412 1036 hominis,
440 955 530 1037 sive,
562 969 597 1019 ut
626 972 683 1018 nos
711 951 894 1032 loquimur,
917 949 1044 1014 morads
1074 948 1116 1016 sit
1138 949 1175 1014 li-

254 1073 379 1150 bertas,
402 1071 591 1153 intelligitur.
648 1070 776 1136 Etlricae
788 1069 869 1149 apud
882 1085 942 1133 nos
952 1066 1099 1131 doctores
1117 1067 1177 1130 ho-

255 1191 363 1252 minem
382 1208 449 1253 esse
462 1188 569 1250 dicunt
583 1202 719 1250 naturam
732 1189 898 1261 moralem,
918 1188 1036 1264 quippe
1054 1180 1176 1246 moraIIs

253 1305 403 1368 libertatis
434 1303 633 1386 participem:
676 1319 707 1366 et
738 1318 820 1366 recte
853 1301 975 1382 quidem
1007 1298 1078 1378 illi,
1113 1317 1178 1380 qtro

258 1419 354 1502 magis
385 1420 456 1483 inde
484 1419 639 1503 efficiant,
667 1439 761 1503 posse
783 1432 879 1484 semet
902 1418 1003 1500 ipsum
1024 1417 1180 1498 corrigere

255 1557 290 1602 ac
311 1535 457 1620 perficere
476 1537 646 1603 hominem.
688 1536 759 1619 Ego
775 1556 849 1601 vero
869 1552 934 1600 non
947 1535 1042 1600 ausint
1061 1532 1092 1599 id
1108 1532 1179 1598 uni·

258 1673 345 1720 verse
372 1656 412 1719 de
440 1654 602 1719 hominum
636 1671 746 1736 genere
778 1672 938 1734 usurpare.
982 1652 1062 1716 Nam
1089 1650 1181 1732 prauci

197 1776 211 1787 ‘
255 1772 444 1852 admodum,
467 1771 495 1834 si
515 1790 576 1835 rem
597 1771 654 1835 rite
678 1769 947 1854 perspexerimus,
968 1787 1076 1850 reapse
1092 1766 1182 1832 liberi

258 1904 352 1951 sunt:
386 1887 495 1951 caeteri
524 1887 664 1979 libertate
696 1888 802 1951 morali
832 1900 947 1952 carent.
991 1885 1073 1966 Regi
1100 1884 1181 1950 euim

259 2023 327 2067 sese
348 2023 365 2067 a
386 2004 610 2085 cupiditatibus
634 2003 878 2084 libidinibusque
904 2003 971 2067 suis
995 2002 1035 2066 ita
1061 2001 1182 2084 patiun-

259 2137 334 2201 tur,
362 2136 398 2183 ut
425 2139 554 2201 prorsus
583 2120 645 2183 sint
669 2119 708 2184 iis
736 2120 896 2185 submissi.
951 2121 1018 2184 Nec
1048 2137 1123 2183 vero
1151 2118 1184 2182 id

261 2236 538 2301 vehementissimis
569 2251 688 2300 tantum
715 2235 933 2316 vilissimisque
961 2233 1184 2315 cupiditatibus

260 2353 455 2416 tribuendum
477 2368 546 2433 est,
570 2352 711 2416 similiter
732 2353 890 2434 imperium
913 2352 943 2415 in
965 2369 1024 2414 nos
1042 2364 1184 2414 exercent

262 2488 296 2533 ac
318 2466 515 2532 dominantur
539 2471 626 2551 plane
644 2487 714 2532 curn
735 2471 838 2534 minus
854 2470 971 2551 abjecta
993 2467 1184 2532 honestiora·

263 2576 468 2665 que‘studia,
493 2600 556 2648 tunt
579 2583 744 2668 opiniones
768 2586 1003 2670 praejudicatae.
1046 2585 1104 2649 llis
1130 2604 1186 2649 au-

262 2715 323 2764 tem
344 2702 416 2782 quis
433 2701 552 2765 tandem
576 2701 753 2765 mortalium
776 2717 842 2781 est,
866 2702 918 2782 qui
941 2703 1031 2782 plane
1053 2718 1087 2763 se
1108 2700 1186 2765 libe-

262 2836 329 2880 rum
352 2817 455 2898 possit
475 2818 672 2898 praedicare?
715 2817 923 2902 Quamobrem
945 2835 1009 2881 non
1030 2815 1127 2898 tnagis
1150 2816 1188 2880 li·
1249 2802 1252 2809 ¹

263 2932 358 3012 bera,
378 2953 467 3014 quant
491 2935 614 3015 sapiens
639 2950 691 2998 aut
713 2933 848 3017 perlecta
874 2949 1001 3013 natura,
1024 2935 1120 2998 humo
1141 2934 1186 2999 di·

263 3050 380 3114 cendus
407 3064 478 3130 est,
509 3051 625 3132 quippe
656 3069 721 3116 non
748 3053 846 3134 magis
864 3050 1015 3115 libertatis
1040 3049 1187 3129 moralis,

265 3184 355 3245 quarn
377 3165 543 3246 sapientiae
561 3187 594 3230 ac
618 3168 820 3247 perfectionis
840 3168 1005 3248 particeps.
1051 3169 1093 3233 Et
1111 3185 1186 3233 vero
1255 3136 1263 3149 ¹

264 3279 443 3364 tyrannicus
472 3282 531 3346 iste
559 3285 654 3347 bomo
680 3285 798 3348 bellnae
824 3299 871 3347 est
898 3284 1028 3366 potius,
1058 3283 1188 3365 praedae

264 3398 416 3477 inhiantis⁴
431 3416 504 3461 suae
523 3400 634 3480 suique
654 3400 834 3482 impotentis
856 3419 1008 3483 prorsus,
1035 3420 1125 3481 quarn
1151 3401 1189 3464 li·

264 3517 353 3579 berae
377 3530 502 3579 naturae
527 3515 650 3579 similis.
695 3515 819 3599 Quodsi
843 3517 1040 3612 quaerimus,
1079 3536 1188 3598 quern·

264 3630 429 3695 admodum
465 3630 530 3695 ficri
568 3633 663 3695 lrunro
700 3633 850 3696 libertatis
881 3634 1004 3697 moralis
1035 3633 1189 3715 particeps

265 3746 387 3826 possit,
414 3747 451 3809 ab
474 3747 531 3811 hoc
552 3749 583 3810 in
606 3746 712 3827 primis
735 3748 858 3812 immani
882 3747 1098 3829 ferissinroque
1119 3749 1188 3813 viro

264 3865 441 3945 conjectura
472 3867 601 3944 petenda
634 3879 702 3945 est,
739 3881 795 3945 ut,
835 3885 913 3948 quac
944 3866 1021 3949 justi
1056 3866 1097 3928 sit
1129 3864 1188 3928 viri

266 3978 425 4057 conditio,
456 3998 665 4059 assequantur.
710 3983 816 4047 Prouti
844 3985 873 4048 in
900 3982 952 4045 illo
978 3982 1060 4046 omni
1083 3995 1189 4045 aucto·

1151 4115 1192 4163 tt·
