2896 5168
548 436 741 501 ...109-

179 595 265 664 deret
284 596 447 679 mundum,
477 598 585 664 mundi
604 597 765 682 cujusdam
790 592 923 679 perfecti
940 601 1109 681 caprilem

176 698 231 798 μα’
246 694 342 782 menti
361 715 508 782 habuisse
540 702 764 798 propositum,
785 710 824 779 ad
853 713 944 797 cnjus
972 709 1102 778 solmam

175 832 335 917 effingeret
362 833 476 897 omnia.
519 831 555 894 Id
576 831 718 895 similiter
748 848 808 894 nos
831 823 870 895 de
896 828 1040 894 humanis
1059 827 1108 894 fa·

175 949 242 1014 bris
272 964 305 1014 et
335 946 508 1013 artificibus
540 965 741 1028 usurpamus:
770 946 937 1029 usurpavit
970 945 1009 1010 de
1031 944 1104 1012 Phi·

174 1066 226 1131 dia
255 1065 394 1146 Ciccr03
416 1082 475 1129 nec
509 1077 609 1128 tamen
631 1061 795 1144 quisquam
819 1063 965 1137 artificem
991 1060 1105 1144 faceto

177 1179 259 1246 ideas
282 1181 332 1247 vel
360 1180 468 1246 idealia
491 1178 615 1244 dixerit.
659 1179 786 1246 Poetice
812 1194 914 1244 autem
944 1178 1033 1243 Plato
1058 1177 1105 1243 di·

173 1296 280 1362 vinum
305 1299 502 1382 παράδειγμα
520 1296 716 1362 continuisse
741 1294 845 1360 omnia
860 1293 1010 1383 ¹perfecti
1031 1310 1104 1385 spc-

172 1413 221 1478 cie
247 1413 361 1494 finxit,
385 1416 476 1495 quae'
492 1415 714 1495 complexurus
744 1408 912 1494 aliquando
942 1413 1104 1505 adspectus

105 1547 110 1557 ·
173 1529 245 1595 hilis
277 1531 424 1595 mundus
450 1529 546 1597 foret.
591 1519 710 1595 Verum
741 1530 824 1596 enim
856 1548 931 1595 vcro
960 1549 1026 1620 non
1049 1549 1102 1620 τις,

89 1621 92 1630 ’
148 1727 152 1732 ¹
171 1643 452 1732 gutandumnobis
472 1632 523 1729 de]
535 1644 584 1712 his
607 1659 678 1726 est,
708 1662 745 1711 ut
769 1647 841 1713 item
863 1645 1006 1714 fecerunt
1025 1647 1105 1727 alii,

171 1763 227 1844 qui
257 1777 464 1846 quaererent,
484 1762 593 1847 ,ipsine
618 1763 690 1828 Deo
714 1764 797 1846 apud
827 1763 986 1829 Platonem
1017 1763 1104 1831 idec

170 1879 223 1942 vei
255 1877 374 1946 formae
393 1899 496 1946 rerum
522 1895 734 1962 praestarent,
757 1879 878 1963 quippe
910 1899 986 1962 quas
1014 1881 1100 1971 Deus

170 1995 303 2061 intuitus
329 1995 471 2079 fingitur.
512 1996 614 2082 ‘Quasi
645 1997 763 2063 scilicet
777 1997 877 2064 ideae
904 2000 955 2063 vel
982 1994 1101 2063 formae

62 2141 69 2155 ·
169 2130 294 2190 rerum,
317 2130 407 2192 quas·
425 2111 564 2194 concipit
592 2132 702 2194 mens,
722 2109 837 2181 nonu
864 2130 968 2182 mente
988 2115 1100 2182 distin·

169 2228 329 2313 guendae‚
350 2228 406 2307 sed
433 2230 617 2309 separandae
646 2245 751 2295 essent
767 2250 917 2312 prorsus:
940 2247 994 2296 ant
1024 2226 1120 2314 qua„-u

167 2345 195 2410 si
222 2346 426 2412 haecomnia
455 2359 561 2410 essent
581 2346 620 2410 ad
648 2344 826 2411 dialecticae
859 2348 944 2431 leges
974 2348 1100 2430 exigens

164 2462 203 2528 da
233 2476 330 2543 atque
354 2480 372 2527 a
399 2460 628 2527 dialecticorum
660 2460 868 2544 captiunculis
902 2462 1116 2533 vindicandn.'

117 2618 121 2625 -
209 2579 343 2647 Verum.
358 2593 395 2643 ut
421 2579 480 2646 hae
504 2579 650 2644 videntur
669 2597 798 2645 caussae
828 2569 1114 2665 opportunitates?

165 2698 229 2777 que
243 2694 342 2762 fuisse
354 2743 366 2778 ,
377 2695 494 2777 quibus
512 2696 683 2778 accideret,
706 2711 741 2763 ut
757 2698 927 2764 multorum
950 2700 980 2764 in
993 2695 1112 2793 repre?

163 2814 347 2881 hensionem
374 2813 515 2880 doctrina
542 2814 582 2880 de
610 2788 688 2880 ideis
718 2814 875 2882 Platonica
901 2817 1113 2902 incurrerem*
1198 2889 1200 2895 ,

163 2931 206 2998 ita
235 2930 433 3013 praecipuam
466 2930 606 2995 omniunt
646 2950 923 2998 commemoremus
955 2906 1109 3003 tandemss¹

162 3048 225 3113 Est
251 3046 303 3110 ilia
328 3062 408 3138 non·
421 3044 459 3110 ab
490 3044 693 3126 interpretum
715 3045 826 3125 vitiis,
848 3049 902 3111 sed
924 3050 962 3112 ab
981 3020 1111 3131 'ipsius'

161 3163 301 3231 Platonis
336 3161 405 3226 sive
435 3159 559 3225 audacia
592 3160 667 3224 sive
701 3158 875 3227 temeritate
910 3154 1109 3246 repetenda·

160 3281 345 3351 Delmatae
371 3278 583 3364 philosophus
600 3295 702 3343 rerum
730 3279 929 3344 humanarum
954 3279 1113 3372 perfecta·

141 3403 399 3485 ,famame
431 3410 463 3462 et
488 3408 590 3462 mente
620 3395 818 3478 concepitet
838 3394 899 3461 nos
923 3397 1020 3482 jussit
1050 3401 1112 3468 ad·

151 3530 267 3580 »eorum
289 3511 513 3595 perfectionem
531 3532 580 3581 res
598 3530 721 3579 nostras
747 3531 949 3598 componere.
993 3516 1111 3601 Hoc,'

159 3629 186 3696 si
216 3627 294 3710 quid
320 3627 424 3708 aliud,
444 3629 544 3716 audax
565 3629 726 3716 negotium
746 3627 807 3696 fuit
835 3642 873 3697 et'
890 3633 962 3716 iure
983 3636 1112 3719 repre-‘⁶

156 3744 367 3814 hendendum.
646 3764 648 3769 ·
819 3795 821 3800 ,
957 3791 959 3795 «
1039 3721 1073 3846 Ἰ
