2896 5168
600 504 603 511 ·
631 484 846 541 ''¹201“

263 658 417 732 expertus.
431 666 513 730 num,
531 676 537 684 ’
557 648 640 725 Nam
657 660 733 733 ssquo
760 644 866 732 magis
887 665 945 714 me·
959 645 1200 746 viminpmetaog

262 763 390 847 nitendo
406 763 644 845 'mtibendoque
664 765 713 836 in
733 764 912 860 intetiorem
934 765 1035 849 huius
1053 765 1202 848 phileae«¹

262 879 364 961 phiae
381 881 533 947 rationem
560 879 718 961 conabar,
749 899 803 956 eo,
816 880 961 977 crebrius
981 880 1200 959 mihi-vocum
1299 933 1303 939 -

261 993 296 1059 in
321 1010 454 1065 mentem
480 993 692 1076 amineum
717 995 919 1082 inantiquis
947 1017 1008 1065 nec-
1032 996 1140 1064 minus
1159 998 1200 1076 in

262 1109 487 1177 recentioribus
510 1110 625 1194 linguis
653 1112 686 1179 id
712 1113 815 1194 plane·
834 1113 1019 1193 videbantur
1040 1115 1201 1200 ‹taiprime-⁴

260 1245 319 1308 te,
340 1227 430 1310 quod
451 1229 546 1313 longa
569 1226 784 1312 disputatione
799 1230 951 1314 explicuit
968 1232 1094 1313 Plato.··
1128 1232 1199 1298 VB·-

259 1344 403 1426 luti,·ut
426 1344 477 1410 his
500 1358 595 1426 utar,
616 1347 792 1421 sexcenties
814 1366 1039 1430 -usurpavecam
1059 1349 1195 1416 dicendo
1224 1424 1227 1431 ,

259 1458 494 1544 scribendoque
513 1480 609 1529 voces
639 1462 930 1547 warhmdslip‘da,
959 1466 1093 1549 sarava,
1122 1468 1198 1541 zla-⁴

260 1580 392 1662 taigen,
412 1577 868 1661 vurmasitasoordalm,
880 1584 1017 1665 -κρίμειν,
1035 1601 1198 1667 aemon,

254 1708 393 1780 precare,
424 1697 585 1778 cogitare,
607 1693 836 1780 mammen,
867 1700 1048 1782 enseignar,
1066 1678 1196 1777 similes,

258 1807 335 1877 alias
358 1808 567 1892 innumems3
612 1828 831 1893 usurpaveram
861 1825 988 1892 autem,
1020 1825 1196 1903 etampes

256 1926 383 2006 solent,
405 1924 469 1993 vim
489 1944 594 1993 earum
615 1927 772 2011 propriam
797 1946 863 1994 non
876 1947 1079 2013 magnopere
1095 1942 1196 2015 actem
1218 2002 1222 2010 ,

255 2043 361 2109 densa·
416 2037 511 2111 Nunc
537 2056 616 2111 veto
643 2045 980 2128 Platonisexquirene
997 2045 1122 2133 <placita
1150 2046 1194 2132 de

256 2157 418 2242 principio
428 2158 618 2243 cognitionis
633 2160 919 2245 philosophiaeque
935 2183 1082 2244 summo,
1105 2164 1193 2245 quod

257 2276 329 2384 ueri
352 2295 440 2342 umor
456 2292 554 2358 est,
568 2276 607 2342 de
632 2276 779 2343 sensibus
801 2293 833 2344 et
856 2297 936 2361 quo
945 2297 1002 2362 per
1021 2299 1075 2346 eos
1098 2280 1193 2383 modo

255 2375 312 2460 tes
349 2404 617 2477 cognoscimus,
614 2394 669 2461 de
699 2412 794 2460 sensu
827 2394 956 2471 intemo
981 2410 1016 2463 et
1041 2397 1119 2480 quid
1152 2398 1195 2465 sit

255 2509 406 2590 discere,
428 2509 506 2593 quid
522 2510 684 2596 judicare,
708 2510 810 2594 quid
801 2526 875 2579 nem
891 2512 1020 2594 docere,
1040 2533 1193 2595 quaenam

255 2628 339 2694 ndeo
355 2641 395 2695 et
418 2629 524 2710 quales
551 2628 616 2695 sint
645 2629 823 2695 dialecticae
847 2629 987 2698 methodi
1014 2631 1207 2715 primariae,

254 2745 314 2815 his
342 2746 440 2832 igitur
463 2747 503 2813 de
535 2746 630 2814 rebus
659 2747 975 2829 placita-exquirens
998 2749 1195 2832 tradensque

251 2861 425 2944 Platonis,
446 2863 606 2930 attendere
625 2882 709 2930 nunc
738 2865 870 2931 demum
888 2864 975 2931 vim
983 2884 1099 2933 vocum
1128 2866 1196 2935 illa

259 2979 455 3059 rumeoepi.
511 2978 563 3041 Sic
587 2996 647 3040 usu
672 2977 742 3058 lpse
766 2998 839 3043 meo
859 2981 977 3060 didici,
1010 2984 1086 3067 quid
1106 2998 1192 3050 esset

252 3092 384 3168 tandem
401 3092 594 3159 Platonicum
611 3089 709 3170 illud,
731 3109 795 3156 non
815 3110 833 3157 a
851 3090 955 3159 verbis
973 3095 1013 3159 ad
1026 3114 1105 3175 res,
1126 3097 1195 3164 sive

252 3209 303 3277 ab
330 3207 515 3293 imaginibus
542 3208 582 3275 ad
607 3208 787 3288 veritatem,
808 3209 865 3274 sed
887 3223 1017 3291 contra,
1043 3230 1059 3275 a
1088 3228 1193 3300 rerum
1291 3267 1294 3276 .

192 3371 196 3378 -
257 3326 467 3411 intelligentia
489 3326 529 3391 ad
548 3323 716 3392 verborum
737 3324 1007 3408 observationem,
1029 3328 1193 3398 averitate

249 3446 427 3528 perspecti
459 3443 497 3508 ad
516 3443 587 3526 ejus
608 3441 760 3527 imagines
782 3443 983 3511 attendendas
999 3426 1195 3537 judicandas·

252 3577 327 3642 .que
336 3557 568 3641 procedendum
580 3575 671 3641 esse:
692 3559 825 3625 lectores
836 3561 1100 3645 autem,0pinor-,
1112 3582 1194 3646 quae
1213 3550 1218 3563 ⁸

252 3684 338 3746 lvere
355 3675 401 3753 sit
422 3674 562 3742 habenda
590 3676 764 3760 linguarum
778 3666 1016 3760 philosophia,
1038 3693 1074 3747 et
1102 3683 1193 3762 quale

246 3791 327 3874 -sit,
349 3791 438 3876 quod
456 3792 553 3876 vulgo
569 3791 672 3857 dicere
688 3793 934 3874 consuevimus,
955 3780 1194 3882 metaphysicam

263 3909 447 3995 linguarum
467 3904 630 3990 stadium,
653 3908 725 3975 hinc
749 3909 877 4007 optime
885 3909 1082 4021 judicabunt,

277 4025 390 4094 Plato
411 4042 450 4091 ex
471 4023 521 4092 his
543 3996 680 4108 studiis,
696 4040 733 4093 ut
753 4027 954 4117 monuimus,
960 4000 1193 4143 nonnullam

1121 4163 1197 4230 pro·
