2896 5168
725 487 830 580 “¹⁶
854 523 893 536 -
932 560 935 565 ,

352 670 437 749 quod
472 667 593 730 moralis
627 665 835 749 politicaeque
867 669 1025 734 doctrinae
1053 687 1182 751 caussa,
1204 688 1277 752 per·

348 783 428 849 fecta
456 782 547 848 nobis
577 797 637 847 mm
663 781 823 864 civitatis,
857 802 948 865 quam
976 784 1136 867 hominis,
1167 786 1268 870 imago

272 900 303 971 .'
347 901 552 994 adumbrantia
578 898 663 965 etit?
706 899 742 964 Id
762 899 861 966 faeere
885 916 989 983 tecte,
1011 902 1073 968 nisi
1101 903 1157 986 qui
1184 903 1271 969 intus

346 1031 447 1082 totum
469 1031 681 1099 perscrutatus
700 1016 834 1082 animum
857 1018 992 1083 hominis
1012 1019 1077 1101 sit,
1105 1033 1272 1104 ponetque

346 1138 413 1219 ejus
435 1151 466 1199 et
486 1132 648 1201 facultates
671 1135 768 1198 varias
790 1132 1024 1215 diligentissime
1045 1137 1272 1218 exploraverit,

346 1254 417 1334 quis
439 1252 584 1334 poterit‘.²

648 1488 706 1552 De
737 1491 778 1553 ui
807 1491 967 1551 amoris

458 1605 511 1669 ad
540 1609 755 1672 uirtutem
781 1603 1159 1690 felicitatemque

712 1722 906 1786 hominis.

387 1957 604 2036 Exploratutis
622 1971 723 2020 autem
743 1952 836 2019 nobis
856 1952 949 2018 animi
969 1951 1095 2017 humani
1112 1965 1268 2032 naturam,

319 2089 409 2136 ·non
437 2073 520 2136 aliud
550 2087 597 2136 est
625 2070 776 2136 continuo
804 2067 991 2151 principium
1017 2067 1269 2151 exquirendum,

345 2203 439 2269 atque
464 2189 542 2253 illud
567 2187 653 2269 fuit,
677 2188 758 2254 unde
778 2202 886 2251 omnes
907 2200 1033 2252 nostrae
1051 2188 1089 2252 de
1107 2190 1216 2270 pulcro
1239 2201 1270 2252 et

346 2322 419 2368 vero
447 2303 687 2386 disceptationes
715 2305 884 2370 fluxerunt.
936 2303 1037 2369 Amor
1063 2319 1133 2387 est,
1161 2323 1268 2385 amor,

344 2422 495 2502 inquam,
532 2420 605 2486 fons
636 2420 687 2486 ille
718 2426 908 2503 optltnotum
948 2422 979 2486 in
1017 2420 1120 2487 animo
1156 2437 1268 2489 nostro

344 2538 517 2604 studiorum
542 2537 738 2618 uberrimus,
773 2536 915 2619 idemque
937 2537 1129 2605 certissimus
1148 2539 1269 2606 homini

344 2658 382 2721 ad
404 2675 504 2720 veram
529 2653 705 2720 felicitatem
730 2655 806 2720 dux.
849 2654 930 2719 Nam
956 2653 995 2719 ad
1021 2656 1123 2737 pulcri
1141 2656 1270 2741 adspec-

343 2789 409 2837 tum
442 2791 589 2869 accensus
618 2772 651 2836 in
679 2771 793 2851 nobis,
825 2785 862 2834 ut
887 2770 926 2836 ab
954 2770 1045 2836 initio
1067 2789 1125 2838 nos
1146 2772 1283 2838 monuit*

343 2891 426 2973 apud
451 2891 608 2956 Platonem
640 2889 805 2967 Socrates,
839 2888 878 2952 ad
906 2890 1009 2971 ipsum
1035 2905 1096 2953 nos
1123 2890 1266 2971 pulcrum

342 3007 460 3085 trahit,
492 3023 614 3086 nosque
634 3004 711 3070 illud
740 3000 854 3069 reletre
885 3003 1030 3087 deinceps
1062 3021 1266 3089 sermonum,

294 3142 301 3157 ·
342 3126 498 3186 actionum
518 3123 661 3203 vitaeque
680 3121 808 3186 omnino
826 3119 973 3204 elegantia
992 3133 1088 3205 atque
1105 3124 1267 3191 honestate

343 3239 515 3303 studemus.
569 3237 652 3303 Idem
684 3253 785 3304 autem
819 3257 906 3303 amor
936 3237 1048 3318 nobis,
1079 3243 1166 3320 quod
1191 3241 1265 3305 item

342 3354 501 3433 affirmavit
526 3354 610 3436 apud
641 3355 768 3419 eundern
798 3355 954 3421 Platonem
983 3358 1146 3438 Socrates,
1176 3359 1263 3439 veri,

342 3472 418 3552 quin
446 3475 535 3536 etiam
558 3470 636 3554 justi
665 3471 827 3552 sanctique
847 3471 1033 3553 principium
1054 3486 1113 3538 est.
1156 3473 1266 3539 Pulcra

342 3586 423 3650 enim
452 3605 516 3652 non
547 3602 627 3651 amat
655 3586 889 3670 philosophus,
920 3587 982 3652 nisi
1009 3608 1088 3670 quae
1109 3608 1181 3655 vere
1200 3589 1264 3654 sint

342 3704 468 3784 pulcra,
491 3703 646 3769 veritatem
667 3706 917 3784 anemonen,
947 3725 1012 3788 quo
1027 3704 1174 3771 amasium
1195 3703 1263 3786 ipse

342 3837 456 3901 suum,
489 3840 592 3887 amore
626 3821 839 3904 prosequitur.
884 3818 959 3908 Quo
982 3822 1039 3904 fit,
1070 3837 1106 3887 ut
1124 3821 1263 3888 veritatis

341 3939 550 4030 assequendae
569 3957 678 4005 caussa
698 3939 744 4005 nil
762 3958 826 4005 non
847 3954 877 4004 et
900 3937 1000 4005 facere
1020 3953 1052 4003 et
1081 3938 1146 4021 pati
1166 3938 1263 4004 velint

341 4053 518 4138 sapientes,
549 4057 629 4122 mori
655 4057 731 4122 adeo
760 4056 909 4142 cupiant:
941 4056 1028 4138 quod
1047 4070 1128 4122 unus
1146 4054 1263 4120 efficere

1180 4189 1266 4239 antor
