2896 5168
152 4084 177 4145 ‚J

614 497 659 514 ...
684 477 742 542 ¹57
764 432 811 510 ’.-

249 645 280 710 in
302 645 404 709 animo
426 642 582 720 hominis,
605 641 659 705 ubi
681 644 718 706 ad
740 642 876 724 pejorem
898 636 1106 702 conditionem
1128 634 1175 698 in·

248 760 342 826 clinat
360 779 395 825 ac
417 778 537 842 pronus
559 758 670 824 deinde
690 774 902 840 praecepsque
930 753 1077 837 proruit,
1104 753 1175 816 luce

249 880 363 944 clarius
393 876 681 941 animadvertamus.
742 875 865 952 Mitto,
898 872 936 936 de
970 870 1085 953 quibus
1113 869 1175 953 jam

251 995 382 1072 monui,
413 994 470 1057 tria
501 991 551 1057 illa
582 994 613 1057 in
644 992 747 1056 animo
770 989 927 1066 hominis,
949 989 1176 1068 cinericium,

252 1116 398 1193 θυμοειδὲς
430 1124 461 1175 et
490 1113 717 1192 ἐπιθυμητικῶς
749 1127 882 1188 quorum
913 1104 944 1169 in
967 1104 1088 1187 optimo
1109 1101 1177 1167 viro

252 1245 440 1292 consensum
463 1227 545 1292 etin
568 1240 716 1308 corrupto
738 1226 912 1289 dissensum
942 1242 976 1288 ac
1005 1220 1102 1285 veluti
1127 1233 1178 1284 tu-

253 1346 370 1410 multus
401 1358 431 1408 et
462 1344 653 1422 seditiones,
687 1342 747 1407 nisi
768 1341 929 1407 civitatum
951 1335 1088 1404 adhibita
1109 1355 1181 1418 spe·

250 1461 321 1540 cie,
352 1476 435 1525 tanta
466 1461 558 1525 nobis
589 1460 810 1542 perspicuitate
838 1459 950 1522 docere
970 1472 1035 1519 non
1056 1452 1178 1536 potuis·

253 1593 323 1658 set;
347 1579 433 1657 quod
454 1596 528 1640 vero
550 1576 642 1639 animi
663 1575 873 1641 dubitationes
894 1572 1026 1649 attinet,
1054 1568 1110 1633 ubi
1132 1567 1180 1633 di·

254 1693 352 1760 versis
383 1693 539 1774 agitatur,
574 1710 655 1755 nunc
687 1692 719 1755 in
751 1690 932 1765 meliorem,
962 1702 1027 1751 tum
1050 1685 1180 1751 veroin

254 1809 438 1874 deteriorem
467 1822 609 1887 partem,
637 1805 770 1885 studiis,
794 1805 933 1885 illudque
952 1821 1061 1887 reapse
1081 1800 1181 1884 perci-

253 1924 320 2007 pit:

538 2067 599 2080 —-
616 2039 695 2090 video
712 2038 828 2091 nreliora
842 2038 999 2109 proboque,

453 2136 592 2189 deteriora
606 2155 724 2208 aequor:
814 2144 817 2149 ’

257 2288 322 2350 quo
354 2269 430 2334 illud
457 2286 550 2350 pacto
573 2285 633 2334 taut
656 2270 749 2335 nobis
771 2268 936 2335 manifesto
958 2268 1184 2349 diligenterque

221 2384 415 2473 ‘potuisset
444 2387 677 2465 demonstrare,
720 2406 811 2470 quum
853 2387 898 2452 uti
930 2385 1031 2466 feeit,
1062 2385 1187 2450 civitate
1260 2400 1263 2411 “

256 2505 349 2570 nobis
379 2504 416 2570 ad
448 2506 649 2586 spectandum
681 2506 869 2587 propositi,
900 2522 978 2585 quae
1005 2520 1070 2568 nou
1099 2519 1185 2583 una,

255 2622 311 2686 sed
341 2622 374 2685 in
402 2621 479 2685 duos
512 2636 595 2685 esset
623 2634 726 2700 partes
756 2621 928 2686 distracta?
966 2621 1076 2704 Quid‘l
1099 2620 1187 2701 quod

258 2755 323 2802 non
345 2739 447 2803 solum
469 2739 614 2819 θυμοειδές
636 2736 735 2815 illud,
769 2739 855 2818 quod
880 2735 974 2801 nobis
997 2738 1099 2816 inest,
1120 2758 1188 2801 cus·

258 2853 375 2919 aedibus
413 2853 572 2931 civitatis,
612 2855 666 2918 sed
707 2854 893 2935 cupiditates
935 2844 1036 2917 etiam'
1064 2868 1187 2919 nostras

259 2968 458 3034 irruititudini
478 2969 695 3051 comparavit?
738 2969 773 3034 ln
797 2969 1004 3035 seditionibus
1024 2970 1185 3035 civitatum

259 3103 294 3149 ac
323 3102 485 3166 regnorum
516 3085 592 3166 quid
613 3086 722 3151 efficiat
744 3085 808 3151 fere
830 3088 997 3152 multitudo
1019 3088 1188 3152 vilissimo-

260 3220 391 3281 rumque
428 3200 586 3266 hominum
627 3202 719 3267 turba
752 3219 781 3267 et
813 3204 987 3284 colluvies,
1016 3205 1185 3272 novimus:

260 3317 336 3398 quid
357 3332 457 3382 autem
479 3319 516 3382 ad
534 3318 716 3401 agitationes
733 3320 826 3384 animi
843 3319 1042 3403 internasque
1061 3323 1190 3387 seditio·

262 3454 317 3500 nes
337 3438 569 3519 cognoscendas
593 3438 745 3517 interius,
772 3438 910 3503 adbiberi
939 3442 1041 3520 aptius
1062 3440 1190 3504 efficaci·

263 3575 364 3636 usque
405 3571 531 3637 potest,
575 3576 666 3636 quam
699 3557 809 3623 civitas
839 3560 1026 3623 tumultibus
1052 3560 1189 3640 agitata?

260 3672 331 3738 Nec
356 3692 434 3752 ¹vero
466 3671 556 3737 linxit
585 3672 709 3755 ingenio
732 3675 817 3739 Plato
839 3677 917 3739 hanc
940 3673 1033 3739 animi
1054 3694 1125 3740 cum
1147 3676 1191 3741 ci-

261 3791 356 3858 uitate
387 3789 668 3872 comparationem:
703 3790 839 3872 reposita
865 3790 967 3855 estin
991 3791 1190 3859 milliusnon

261 3910 384 3988 linguae
407 3907 538 3972 vocibus
565 3905 842 3986 dictionibusque,
874 3926 952 3987 quae
973 3927 988 3971 a
1011 3908 1189 3975 civitatibus

261 4027 371 4090 ductae
392 4002 430 4090 ad
450 4023 541 4093 anim
570 4039 674 4088 motus
697 4023 838 4089 diversos
861 4022 1082 4106 significandos
1104 4027 1190 4092 adbi-

1116 4146 1192 4211 bet.-
