<?xml version="1.0" encoding="UTF-8"?>
<!DOCTYPE html PUBLIC "-//W3C//DTD XHTML 1.0 Transitional//EN"
    "http://www.w3.org/TR/xhtml1/DTD/xhtml1-transitional.dtd">
<html xmlns="http://www.w3.org/1999/xhtml" xml:lang="en" lang="en">
 <head>
  <title>
</title>
<meta http-equiv="Content-Type" content="text/html;charset=utf-8" />
  <meta name='ocr-system' content='tesseract 3.04.00' />
  <meta name='ocr-capabilities' content='ocr_page ocr_carea ocr_par ocr_line ocrx_word'/>
</head>
<body>
  <div class='ocr_page' id='page_1' title='image "./initiaphilosoph04heusgoog_0010.png"; bbox 0 0 2896 5168; ppageno 0'>
   <div class='ocr_carea' id='block_1_1' title="bbox 297 1066 889 1156">
    <p class='ocr_par' dir='ltr' id='par_1_1' title="bbox 297 1066 889 1156">
     <span class='ocr_line' id='line_1_1' title="bbox 297 1066 889 1156; baseline -0.024 -8"><span class='ocrx_word' id='word_1_1' title='bbox 297 1073 688 1149; x_wconf 74' lang='lat' dir='ltr'><strong>sumosorurh</strong></span> <span class='ocrx_word' id='word_1_2' title='bbox 727 1066 889 1156; x_wconf 84' lang='lat' dir='ltr'><strong>Jusrr</strong></span> 
     </span>
    </p>
   </div>
   <div class='ocr_carea' id='block_1_2' title="bbox 542 1330 641 1378">
    <p class='ocr_par' dir='ltr' id='par_1_2' title="bbox 542 1330 641 1378">
     <span class='ocr_line' id='line_1_2' title="bbox 542 1330 641 1378; baseline -0.03 0"><span class='ocrx_word' id='word_1_3' title='bbox 542 1330 641 1378; x_wconf 65' lang='lat' dir='ltr'><strong>alvu</strong></span> 
     </span>
    </p>
   </div>
   <div class='ocr_carea' id='block_1_3' title="bbox 374 1528 806 1602">
    <p class='ocr_par' dir='ltr' id='par_1_3' title="bbox 374 1528 806 1602">
     <span class='ocr_line' id='line_1_3' title="bbox 374 1528 806 1602; baseline -0.035 -1"><span class='ocrx_word' id='word_1_4' title='bbox 374 1538 436 1602; x_wconf 74' lang='lat' dir='ltr'><strong>DE</strong></span> <span class='ocrx_word' id='word_1_5' title='bbox 475 1534 596 1596; x_wconf 69' lang='lat' dir='ltr'><strong>vtro</strong></span> <span class='ocrx_word' id='word_1_6' title='bbox 633 1528 806 1591; x_wconf 81' lang='grc' dir='ltr'><strong>ΒΕΛΤΛ.</strong></span> 
     </span>
    </p>
   </div>
   <div class='ocr_carea' id='block_1_4' title="bbox 497 1841 686 1874">
    <p class='ocr_par' dir='ltr' id='par_1_4' title="bbox 497 1841 686 1874">
     <span class='ocr_line' id='line_1_4' title="bbox 497 1841 686 1874; baseline -0.011 -8"><span class='ocrx_word' id='word_1_7' title='bbox 497 1841 686 1874; x_wconf 45' lang='grc' dir='ltr'>..Φ-Λ</span> 
     </span>
    </p>
   </div>
   <div class='ocr_carea' id='block_1_5' title="bbox 476 2108 1056 2270">
    <p class='ocr_par' dir='ltr' id='par_1_5' title="bbox 476 2108 1056 2270">
     <span class='ocr_line' id='line_1_5' title="bbox 557 2108 1056 2192; baseline -0.012 -10"><span class='ocrx_word' id='word_1_8' title='bbox 557 2118 619 2184; x_wconf 71' lang='grc' dir='ltr'><strong>Οὔκ</strong></span> <span class='ocrx_word' id='word_1_9' title='bbox 636 2118 682 2190; x_wconf 61' lang='lat' dir='ltr'><strong>les</strong></span> <span class='ocrx_word' id='word_1_10' title='bbox 701 2118 750 2192; x_wconf 68' lang='lat' dir='ltr'><strong>lull</strong></span> <span class='ocrx_word' id='word_1_11' title='bbox 769 2115 928 2191; x_wconf 68' lang='lat' dir='ltr'><strong>§parimas</strong></span> <span class='ocrx_word' id='word_1_12' title='bbox 945 2108 1056 2176; x_wconf 60' lang='lat' dir='ltr'><strong>oillei</strong></span> 
     </span>
     <span class='ocr_line' id='line_1_6' title="bbox 476 2188 1051 2270; baseline -0.021 -15"><span class='ocrx_word' id='word_1_13' title='bbox 476 2244 483 2255; x_wconf 89' lang='lat'>.</span> <span class='ocrx_word' id='word_1_14' title='bbox 494 2199 523 2267; x_wconf 65' lang='lat' dir='ltr'><strong>l&lt;</strong></span> <span class='ocrx_word' id='word_1_15' title='bbox 534 2196 571 2259; x_wconf 62' lang='lat' dir='ltr'><strong>Bu</strong></span> <span class='ocrx_word' id='word_1_16' title='bbox 580 2197 656 2270; x_wconf 57' lang='lat' dir='ltr'><strong>§pilo</strong></span> <span class='ocrx_word' id='word_1_17' title='bbox 667 2193 788 2268; x_wconf 69' lang='lat' dir='ltr'><strong>yrum</strong></span> <span class='ocrx_word' id='word_1_18' title='bbox 801 2191 846 2253; x_wconf 70' lang='lat' dir='ltr'><strong>irs</strong></span> <span class='ocrx_word' id='word_1_19' title='bbox 857 2188 1051 2251; x_wconf 69' lang='lat' dir='ltr'><strong>isuarlrmc.</strong></span> 
     </span>
    </p>
   </div>
   <div class='ocr_carea' id='block_1_6' title="bbox 164 2446 1054 2576">
    <p class='ocr_par' dir='ltr' id='par_1_6' title="bbox 164 2446 1054 2576">
     <span class='ocr_line' id='line_1_7' title="bbox 164 2446 1054 2576; baseline -0.012 -20"><span class='ocrx_word' id='word_1_20' title='bbox 164 2446 214 2556; x_wconf 75' lang='grc' dir='ltr'><strong>Α</strong></span> <span class='ocrx_word' id='word_1_21' title='bbox 238 2505 302 2568; x_wconf 89' lang='lat' dir='ltr'><strong>quo</strong></span> <span class='ocrx_word' id='word_1_22' title='bbox 323 2500 464 2570; x_wconf 87' lang='lat' dir='ltr'><strong>tempore</strong></span> <span class='ocrx_word' id='word_1_23' title='bbox 491 2490 571 2555; x_wconf 61' lang='lat' dir='ltr'><strong>haec»</strong></span> <span class='ocrx_word' id='word_1_24' title='bbox 592 2487 726 2555; x_wconf 85' lang='lat' dir='ltr'><strong>scribere</strong></span> <span class='ocrx_word' id='word_1_25' title='bbox 748 2485 957 2576; x_wconf 74' lang='lat' dir='ltr'><em>philosophiae</em></span> <span class='ocrx_word' id='word_1_26' title='bbox 979 2481 1054 2546; x_wconf 85' lang='lat' dir='ltr'><strong>Pla·</strong></span> 
     </span>
    </p>
   </div>
   <div class='ocr_carea' id='block_1_7' title="bbox 119 2598 1054 3968">
    <p class='ocr_par' dir='ltr' id='par_1_7' title="bbox 119 2598 1054 3968">
     <span class='ocr_line' id='line_1_8' title="bbox 120 2598 1054 2688; baseline -0.005 -22"><span class='ocrx_word' id='word_1_27' title='bbox 120 2603 241 2668; x_wconf 73' lang='lat' dir='ltr'><strong>tonicae</strong></span> <span class='ocrx_word' id='word_1_28' title='bbox 259 2605 356 2670; x_wconf 73' lang='lat' dir='ltr'><strong>iniria</strong></span> <span class='ocrx_word' id='word_1_29' title='bbox 386 2604 497 2688; x_wconf 88' lang='lat' dir='ltr'><strong>coepi,</strong></span> <span class='ocrx_word' id='word_1_30' title='bbox 528 2605 561 2671; x_wconf 90' lang='lat' dir='ltr'><strong>in</strong></span> <span class='ocrx_word' id='word_1_31' title='bbox 589 2605 654 2671; x_wconf 84' lang='lat' dir='ltr'><strong>dies</strong></span> <span class='ocrx_word' id='word_1_32' title='bbox 681 2603 757 2669; x_wconf 90' lang='lat' dir='ltr'><strong>mihi</strong></span> <span class='ocrx_word' id='word_1_33' title='bbox 783 2601 906 2684; x_wconf 83' lang='lat' dir='ltr'><strong>magis,</strong></span> <span class='ocrx_word' id='word_1_34' title='bbox 937 2598 1054 2663; x_wconf 88' lang='lat' dir='ltr'><strong>instau·</strong></span> 
     </span>
     <span class='ocr_line' id='line_1_9' title="bbox 122 2715 1052 2806; baseline -0.004 -24"><span class='ocrx_word' id='word_1_35' title='bbox 122 2717 251 2784; x_wconf 71' lang='lat' dir='ltr'><strong>rendum</strong></span> <span class='ocrx_word' id='word_1_36' title='bbox 279 2740 363 2788; x_wconf 91' lang='lat' dir='ltr'><strong>nunc</strong></span> <span class='ocrx_word' id='word_1_37' title='bbox 390 2723 519 2788; x_wconf 81' lang='lat' dir='ltr'>maxime</span> <span class='ocrx_word' id='word_1_38' title='bbox 548 2720 768 2806; x_wconf 82' lang='lat' dir='ltr'><strong>philosophiae</strong></span> <span class='ocrx_word' id='word_1_39' title='bbox 802 2718 886 2785; x_wconf 86' lang='lat' dir='ltr'><strong>illius</strong></span> <span class='ocrx_word' id='word_1_40' title='bbox 914 2715 1052 2782; x_wconf 83' lang='lat' dir='ltr'><strong>studium</strong></span> 
     </span>
     <span class='ocr_line' id='line_1_10' title="bbox 121 2831 1053 2920; baseline -0.005 -21"><span class='ocrx_word' id='word_1_41' title='bbox 121 2851 209 2916; x_wconf 89' lang='lat' dir='ltr'><strong>esse,</strong></span> <span class='ocrx_word' id='word_1_42' title='bbox 233 2838 347 2918; x_wconf 85' lang='lat' dir='ltr'><strong>patuit.</strong></span> <span class='ocrx_word' id='word_1_43' title='bbox 390 2840 470 2905; x_wconf 90' lang='lat' dir='ltr'><strong>Nam</strong></span> <span class='ocrx_word' id='word_1_44' title='bbox 495 2838 647 2920; x_wconf 82' lang='lat' dir='ltr'><strong>cogitanti</strong></span> <span class='ocrx_word' id='word_1_45' title='bbox 668 2836 745 2901; x_wconf 85' lang='lat' dir='ltr'><strong>mihi</strong></span> <span class='ocrx_word' id='word_1_46' title='bbox 770 2850 991 2917; x_wconf 83' lang='lat' dir='ltr'><strong>saepenumero</strong></span> <span class='ocrx_word' id='word_1_47' title='bbox 1014 2831 1053 2896; x_wconf 86' lang='lat' dir='ltr'><strong>de</strong></span> 
     </span>
     <span class='ocr_line' id='line_1_11' title="bbox 121 2945 1053 3039; baseline -0.004 -24"><span class='ocrx_word' id='word_1_48' title='bbox 121 2955 205 3017; x_wconf 80' lang='lat' dir='ltr'><strong>novn</strong></span> <span class='ocrx_word' id='word_1_49' title='bbox 236 2953 290 3022; x_wconf 77' lang='lat' dir='ltr'><strong>illl</strong></span> <span class='ocrx_word' id='word_1_50' title='bbox 320 2955 563 3039; x_wconf 90' lang='lat' dir='ltr'><strong>philosophandi</strong></span> <span class='ocrx_word' id='word_1_51' title='bbox 592 2954 734 3032; x_wconf 88' lang='lat' dir='ltr'><strong>ratione,</strong></span> <span class='ocrx_word' id='word_1_52' title='bbox 779 2970 858 3031; x_wconf 88' lang='lat' dir='ltr'><strong>quae</strong></span> <span class='ocrx_word' id='word_1_53' title='bbox 893 2945 1053 3030; x_wconf 79' lang='lat' dir='ltr'><strong>superiore</strong></span> 
     </span>
     <span class='ocr_line' id='line_1_12' title="bbox 123 3064 1050 3153; baseline -0.005 -23"><span class='ocrx_word' id='word_1_54' title='bbox 123 3071 247 3132; x_wconf 74' lang='lat' dir='ltr'><strong>saeculo</strong></span> <span class='ocrx_word' id='word_1_55' title='bbox 271 3089 328 3151; x_wconf 90' lang='lat' dir='ltr'><strong>per</strong></span> <span class='ocrx_word' id='word_1_56' title='bbox 352 3086 448 3137; x_wconf 89' lang='lat' dir='ltr'><strong>totam</strong></span> <span class='ocrx_word' id='word_1_57' title='bbox 475 3073 634 3153; x_wconf 85' lang='lat' dir='ltr'><strong>Europam</strong></span> <span class='ocrx_word' id='word_1_58' title='bbox 665 3066 817 3148; x_wconf 87' lang='lat' dir='ltr'><strong>invaluit,</strong></span> <span class='ocrx_word' id='word_1_59' title='bbox 838 3065 899 3129; x_wconf 89' lang='lat' dir='ltr'><strong>vim</strong></span> <span class='ocrx_word' id='word_1_60' title='bbox 927 3064 1050 3145; x_wconf 86' lang='lat' dir='ltr'><strong>quidem</strong></span> 
     </span>
     <span class='ocr_line' id='line_1_13' title="bbox 120 3180 1049 3262; baseline -0.004 -16"><span class='ocrx_word' id='word_1_61' title='bbox 120 3180 173 3247; x_wconf 91' lang='lat' dir='ltr'><strong>illa</strong></span> <span class='ocrx_word' id='word_1_62' title='bbox 202 3183 315 3249; x_wconf 88' lang='lat' dir='ltr'><strong>habere</strong></span> <span class='ocrx_word' id='word_1_63' title='bbox 341 3185 515 3252; x_wconf 88' lang='lat' dir='ltr'><strong>etiamnunc</strong></span> <span class='ocrx_word' id='word_1_64' title='bbox 545 3202 576 3252; x_wconf 86' lang='lat' dir='ltr'><strong>et</strong></span> <span class='ocrx_word' id='word_1_65' title='bbox 608 3186 771 3250; x_wconf 87' lang='lat' dir='ltr'><strong>salutarem</strong></span> <span class='ocrx_word' id='word_1_66' title='bbox 803 3183 880 3247; x_wconf 89' lang='lat' dir='ltr'><strong>odeo</strong></span> <span class='ocrx_word' id='word_1_67' title='bbox 911 3197 1049 3262; x_wconf 85' lang='lat' dir='ltr'><strong>magnam</strong></span> 
     </span>
     <span class='ocr_line' id='line_1_14' title="bbox 119 3293 1052 3383; baseline -0.008 -18"><span class='ocrx_word' id='word_1_68' title='bbox 119 3315 259 3383; x_wconf 90' lang='lat' dir='ltr'><strong>partem,</strong></span> <span class='ocrx_word' id='word_1_69' title='bbox 292 3302 358 3369; x_wconf 87' lang='lat' dir='ltr'><strong>visa</strong></span> <span class='ocrx_word' id='word_1_70' title='bbox 384 3320 443 3370; x_wconf 88' lang='lat' dir='ltr'><strong>cst.</strong></span> <span class='ocrx_word' id='word_1_71' title='bbox 513 3306 565 3370; x_wconf 84' lang='lat' dir='ltr'><strong>Ad</strong></span> <span class='ocrx_word' id='word_1_72' title='bbox 594 3321 685 3368; x_wconf 89' lang='lat' dir='ltr'><strong>usum</strong></span> <span class='ocrx_word' id='word_1_73' title='bbox 726 3301 805 3366; x_wconf 88' lang='lat' dir='ltr'><strong>enim</strong></span> <span class='ocrx_word' id='word_1_74' title='bbox 835 3299 933 3377; x_wconf 88' lang='lat' dir='ltr'><strong>vitae,</strong></span> <span class='ocrx_word' id='word_1_75' title='bbox 966 3293 1052 3376; x_wconf 90' lang='lat' dir='ltr'><strong>quod</strong></span> 
     </span>
     <span class='ocr_line' id='line_1_15' title="bbox 120 3415 1053 3502; baseline -0.004 -21"><span class='ocrx_word' id='word_1_76' title='bbox 120 3416 349 3500; x_wconf 86' lang='lat' dir='ltr'><strong>praecipiebant</strong></span> <span class='ocrx_word' id='word_1_77' title='bbox 375 3434 461 3487; x_wconf 90' lang='lat' dir='ltr'><strong>tanto</strong></span> <span class='ocrx_word' id='word_1_78' title='bbox 490 3421 596 3486; x_wconf 89' lang='lat' dir='ltr'><strong>studio</strong></span> <span class='ocrx_word' id='word_1_79' title='bbox 621 3432 762 3502; x_wconf 87' lang='lat' dir='ltr'><strong>parentes</strong></span> <span class='ocrx_word' id='word_1_80' title='bbox 784 3415 907 3494; x_wconf 89' lang='lat' dir='ltr'><strong>nostri,</strong></span> <span class='ocrx_word' id='word_1_81' title='bbox 929 3415 1053 3477; x_wconf 86' lang='lat' dir='ltr'><strong>inventa</strong></span> 
     </span>
     <span class='ocr_line' id='line_1_16' title="bbox 121 3531 1050 3615; baseline -0.002 -19"><span class='ocrx_word' id='word_1_82' title='bbox 121 3549 181 3597; x_wconf 91' lang='lat' dir='ltr'><strong>nos</strong></span> <span class='ocrx_word' id='word_1_83' title='bbox 213 3531 285 3598; x_wconf 89' lang='lat' dir='ltr'><strong>item</strong></span> <span class='ocrx_word' id='word_1_84' title='bbox 314 3532 417 3599; x_wconf 89' lang='lat' dir='ltr'><strong>omnia</strong></span> <span class='ocrx_word' id='word_1_85' title='bbox 448 3537 741 3615; x_wconf 85' lang='lat' dir='ltr'><strong>accommodamus,</strong></span> <span class='ocrx_word' id='word_1_86' title='bbox 771 3553 828 3599; x_wconf 90' lang='lat' dir='ltr'><strong>nec</strong></span> <span class='ocrx_word' id='word_1_87' title='bbox 860 3532 1050 3613; x_wconf 83' lang='lat' dir='ltr'><strong>quicquam,</strong></span> 
     </span>
     <span class='ocr_line' id='line_1_17' title="bbox 122 3644 1051 3735; baseline -0.006 -21"><span class='ocrx_word' id='word_1_88' title='bbox 122 3662 159 3714; x_wconf 85' lang='lat' dir='ltr'><strong>ut</strong></span> <span class='ocrx_word' id='word_1_89' title='bbox 180 3648 247 3731; x_wconf 90' lang='lat' dir='ltr'><strong>illi,</strong></span> <span class='ocrx_word' id='word_1_90' title='bbox 268 3666 444 3733; x_wconf 83' lang='lat' dir='ltr'><strong>spectamus</strong></span> <span class='ocrx_word' id='word_1_91' title='bbox 465 3652 585 3735; x_wconf 81' lang='lat' dir='ltr'><strong>magis,</strong></span> <span class='ocrx_word' id='word_1_92' title='bbox 609 3672 700 3734; x_wconf 86' lang='lat' dir='ltr'><strong>quam</strong></span> <span class='ocrx_word' id='word_1_93' title='bbox 727 3665 763 3714; x_wconf 89' lang='lat' dir='ltr'><strong>ut</strong></span> <span class='ocrx_word' id='word_1_94' title='bbox 785 3647 909 3714; x_wconf 89' lang='lat' dir='ltr'><strong>humani</strong></span> <span class='ocrx_word' id='word_1_95' title='bbox 930 3644 1051 3728; x_wconf 87' lang='lat' dir='ltr'><strong>generis</strong></span> 
     </span>
     <span class='ocr_line' id='line_1_18' title="bbox 121 3761 1052 3851; baseline -0.004 -22"><span class='ocrx_word' id='word_1_96' title='bbox 121 3764 214 3831; x_wconf 90' lang='lat' dir='ltr'><strong>saluti</strong></span> <span class='ocrx_word' id='word_1_97' title='bbox 239 3767 478 3848; x_wconf 88' lang='lat' dir='ltr'><strong>prospiciamus.</strong></span> <span class='ocrx_word' id='word_1_98' title='bbox 533 3769 594 3836; x_wconf 88' lang='lat' dir='ltr'><strong>Sed</strong></span> <span class='ocrx_word' id='word_1_99' title='bbox 622 3769 779 3851; x_wconf 88' lang='lat' dir='ltr'><strong>primum,</strong></span> <span class='ocrx_word' id='word_1_100' title='bbox 800 3765 940 3847; x_wconf 88' lang='lat' dir='ltr'><strong>capimus</strong></span> <span class='ocrx_word' id='word_1_101' title='bbox 967 3761 1052 3827; x_wconf 86' lang='lat' dir='ltr'><strong>fruc·</strong></span> 
     </span>
     <span class='ocr_line' id='line_1_19' title="bbox 122 3878 1051 3968; baseline -0.003 -23"><span class='ocrx_word' id='word_1_102' title='bbox 122 3893 173 3946; x_wconf 89' lang='lat' dir='ltr'><strong>tus</strong></span> <span class='ocrx_word' id='word_1_103' title='bbox 192 3881 431 3966; x_wconf 87' lang='lat' dir='ltr'><strong>philosophiae,</strong></span> <span class='ocrx_word' id='word_1_104' title='bbox 453 3904 531 3966; x_wconf 90' lang='lat' dir='ltr'><strong>quae</strong></span> <span class='ocrx_word' id='word_1_105' title='bbox 555 3885 659 3968; x_wconf 89' lang='lat' dir='ltr'><strong>pueris</strong></span> <span class='ocrx_word' id='word_1_106' title='bbox 681 3883 774 3949; x_wconf 88' lang='lat' dir='ltr'><strong>nobis</strong></span> <span class='ocrx_word' id='word_1_107' title='bbox 800 3880 952 3962; x_wconf 84' lang='lat' dir='ltr'><strong>effloruit3</strong></span> <span class='ocrx_word' id='word_1_108' title='bbox 982 3878 1051 3961; x_wconf 88' lang='lat' dir='ltr'><strong>ipsa</strong></span> 
     </span>
    </p>
   </div>
   <div class='ocr_carea' id='block_1_8' title="bbox 12 3996 1051 4086">
    <p class='ocr_par' dir='ltr' id='par_1_8' title="bbox 12 3996 1051 4086">
     <span class='ocr_line' id='line_1_20' title="bbox 12 3996 1051 4086; baseline -0.005 -23"><span class='ocrx_word' id='word_1_109' title='bbox 12 4010 17 4019; x_wconf 85' lang='lat'><strong>·</strong></span> <span class='ocrx_word' id='word_1_110' title='bbox 121 3996 321 4085; x_wconf 82' lang='lat' dir='ltr'><strong>philosophia</strong></span> <span class='ocrx_word' id='word_1_111' title='bbox 343 4001 536 4085; x_wconf 87' lang='lat' dir='ltr'><strong>temporibus</strong></span> <span class='ocrx_word' id='word_1_112' title='bbox 559 4001 678 4069; x_wconf 87' lang='lat' dir='ltr'><strong>nostris</strong></span> <span class='ocrx_word' id='word_1_113' title='bbox 701 4002 793 4086; x_wconf 84' lang='lat' dir='ltr'><strong>jacet.</strong></span> <span class='ocrx_word' id='word_1_114' title='bbox 847 3996 932 4063; x_wconf 91' lang='lat' dir='ltr'><strong>Tum</strong></span> <span class='ocrx_word' id='word_1_115' title='bbox 956 4013 1051 4071; x_wconf 88' lang='lat' dir='ltr'><strong>vero,</strong></span> 
     </span>
    </p>
   </div>
   <div class='ocr_carea' id='block_1_9' title="bbox 549 4120 1051 4186">
    <p class='ocr_par' dir='ltr' id='par_1_9' title="bbox 549 4120 1051 4186">
     <span class='ocr_line' id='line_1_21' title="bbox 549 4120 1051 4186; baseline -0.026 -1"><span class='ocrx_word' id='word_1_116' title='bbox 549 4120 580 4186; x_wconf 79' lang='lat' dir='ltr'>A</span> <span class='ocrx_word' id='word_1_117' title='bbox 602 4140 621 4184; x_wconf 82' lang='lat' dir='ltr'><strong>a</strong></span> <span class='ocrx_word' id='word_1_118' title='bbox 1016 4122 1051 4173; x_wconf 88' lang='lat' dir='ltr'><strong>ut</strong></span> 
     </span>
    </p>
   </div>
   <div class='ocr_carea' id='block_1_10' title="bbox 0 0 1452 5168">
    <p class='ocr_par' dir='ltr' id='par_1_10' title="bbox 0 0 1452 5168">
     <span class='ocr_line' id='line_1_22' title="bbox 0 0 1452 5168; baseline 0 0"><span class='ocrx_word' id='word_1_119' title='bbox 0 0 1452 5168; x_wconf 95' lang='lat' dir='ltr'><strong> </strong></span> 
     </span>
    </p>
   </div>
  </div>
 </body>
</html>
