2896 5168
517 456 520 464 ¹
613 482 788 548 -61-

240 678 318 745 tno',
350 674 461 746 nempe
492 659 698 727 iracundum?
726 697 772 712 -
804 661 874 727 Hoc
898 660 984 728 item.
1017 698 1058 716 ·-
1080 661 1172 746 Quo·

242 780 338 849 modo
366 779 463 863 igitur
491 777 571 858 iiet,
603 779 789 858 oGlauco,
821 792 857 843 ut
889 796 954 844 non
983 777 1083 863 asperi
1108 778 1174 843 sint

242 911 276 963 et
303 910 439 979 agrestes
458 895 606 961 adversus
628 914 662 960 se
684 894 815 961 invicem
845 895 993 977 civesque
1014 909 1174 975 caeteros,

244 1032 317 1080 cum
334 1008 401 1079 ¹tali
430 1012 494 1078 sint
524 1015 634 1078 natura
663 1011 817 1095 praediti?
838 1048 884 1063 -
908 1013 998 1078 Haud
1025 1010 1116 1077 facile
1136 1010 1180 1078 is·

246 1130 323 1210 rud,
343 1147 401 1214 per
415 1127 539 1212 Jovem.
562 1165 606 1182 -
627 1128 846 1194 Verumtamen
864 1141 991 1212 oportet
1010 1129 1084 1194 illos
1105 1147 1178 1214 erga

247 1261 325 1312 suos
344 1258 543 1324 mansuetos,
565 1245 715 1312 adversus
736 1245 842 1312 hostes
862 1259 963 1311 autem
985 1244 1071 1312 feros
1091 1252 1188 1311 esses'

247 1359 447 1442 cruuoqutn
462 1377 527 1426 non
544 1362 794 1443 exspectabunt,
815 1363 914 1427 donec
933 1362 1022 1445 ipsos
1040 1361 1093 1428 aiii
1105 1356 1183 1446 'per-

248 1475 342 1557 dant,
374 1474 435 1559 ipsi
457 1493 554 1543 semet
576 1476 664 1558 ipsos
685 1477 827 1560 perdent.
849 1512 896 1529 -
916 1478 998 1544 Vere
1022 1478 1114 1548 dicis.
1135 1515 1182 1532 -

248 1591 336 1675 Quid
366 1589 659 1676 igiturfaciemust
701 1592 837 1658 Ubinam
862 1607 1058 1659 mansuetum
1088 1594 1183 1660 simul

250 1723 284 1775 ct
321 1706 506 1775 iracundum
543 1707 700 1790 ingenium
740 1706 952 1789 reperiemus?
1018 1704 1224 1774 Contraria*

252 1821 336 1888 euim
367 1819 531 1887 iracundae
562 1835 687 1886 naturae
720 1834 828 1886 natura
864 1820 949 1886 mitis
979 1837 1119 1905 apparet.
1140 1858 1186 1876 -

253 1939 408 2024 Apparet.
429 1974 475 1989 -
494 1936 613 2002 Verum
644 1936 700 2019 qui
730 1938 879 2003 alterutro
904 1938 1016 2003 horum
1047 1936 1187 2019 carebit,-

253 2054 364 2122 custo's
394 2052 500 2120 bonus
526 2071 590 2119 nou
620 2052 701 2120 crite
723 2067 759 2118 ut
786 2071 862 2119 vero
886 2069 1054 2136 utrumque
1075 2054 1191 2120 habeat

257 2168 353 2254 quis,
375 2169 442 2236 fieri
461 2187 526 2234 non
548 2187 644 2252 posse
662 2170 804 2236 videtur:
830 2169 871 2237 (¹)
895 2190 959 2252 quo
979 2171 1038 2251 fit,
1071 2186 1107 2239 ut
1126 2171 1191 2237 bo··

256 2300 451 2354 nuacustos
480 2285 613 2351 inveniri
641 2305 705 2351 non
728 2287 846 2368 possit.
868 2325 912 2341 -
932 2288 1078 2355 Videtur.
1124 2288 1189 2354 Hic

258 2401 509 2468 verosncmes
537 2403 691 2469 haesitans
714 2422 882 2486 secumque
903 2406 1065 2487 superiora
1084 2406 1190 2472 animo

257 2514 430 2606 reputans,
452 2517 587 2600 merito,
611 2519 735 2602 iuquit,
758 2521 955 2602 dubitamus,
978 2523 1096 2589 amice:
1117 2537 1194 2589 nam·

260 2632 300 2717 ab
331 2652 383 2716 ea,
417 2653 510 2716 quam
537 2653 632 2718 supra
659 2637 862 2716 induximus,
892 2640 1124 2720 comparatione
1145 2641 1194 2707 di·

261 2750 360 2832 gressi
391 2769 514 2818 sumus.
544 2785 590 2803 -
621 2751 697 2835 Quo
726 2767 816 2833 pacto
850 2755 881 2818 id
913 2753 985 2818 ais?
1006 2790 1051 2806 -
1074 2755 1193 2821 Nonne

263 2863 465 2947 invenimus,
504 2868 581 2932 tales
617 2886 688 2932 esse
716 2869 860 2948 quasdam
890 2884 1039 2948 naturas,
1083 2873 1192 2952 quales

266 2981 392 3049 minime
422 2996 667 3065 putaveramus,
699 2982 848 3048 habentes
879 2985 953 3048 haec
984 2985 1077 3050 simul
1104 2986 1135 3051 in
1158 3007 1195 3056 se

266 3097 445 3164 contraria?
465 3133 511 3148 -
533 3097 694 3164 Ubinam?
716 3133 757 3148 -
782 3100 816 3164 in
837 3099 904 3164 aliis
927 3102 988 3166 hoc
1009 3103 1200 3172 animalibus-

266 3213 370 3307 videre
392 3214 482 3294 iicet,
504 3230 569 3278 non
590 3231 665 3279 vero
688 3212 811 3280 minime
830 3216 863 3281 in
884 3236 921 3282 eo
940 3221 1090 3302 custode,
1115 3241 1198 3303 quo·

266 3348 338 3400 cum
377 3345 520 3398 nostrum
561 3333 722 3398 custodem
758 3334 1026 3415 computabamus.
1101 3337 1199 3403 Nosti

268 3449 375 3530 enim,
397 3447 538 3531 generosi
559 3448 643 3513 canis
663 3449 746 3512 hunc
765 3453 875 3514 natura
896 3469 1011 3516 morem
1039 3471 1130 3533 csse,
1160 3468 1197 3518 ut

269 3584 342 3651 erga
379 3561 541 3631 familiares
579 3579 611 3629 et
644 3579 739 3630 notos
771 3564 953 3631 mitissimus
986 3568 1047 3632 sit:
1087 3584 1197 3637 contra

1147 3706 1202 3753 VB·

308 3848 351 3920 (ι)
370 3846 490 3904 Graecas
527 3845 628 3902 ταῦτα
653 3841 685 3902 ii
711 3841 863 3912 ἀδυνάτοις
889 3841 972 3906 irrue.
1013 3848 1086 3903 liaeo
1112 3861 1200 3910 annm
1225 3852 1228 3861 '

273 3951 412 4014 corrupta.
429 3941 576 4012 suppleri:
596 3943 696 3998 ταῦτα
717 3937 749 3999 ii
771 3939 1030 4015 ἀμφότεραὲχειν,
1050 3944 1201 4021 ἀδυνάτοις

272 4035 356 4098 iocata.
1136 4038 1140 4046 ¹
