2896 5168
625 489 792 552 ..„-

249 668 394 732 ruamus,
434 650 587 732 uniceque
616 650 858 733 philosopham,
895 649 956 714 ilno
989 650 1173 717 Socraticam

251 768 441 850 disquirendi
464 768 634 847 rationem,
657 768 683 831 si
709 767 791 834 forte
814 766 860 831 sic
886 767 1008 832 licuerit
1032 767 1128 833 nobis
1148 785 1178 833 et

255 900 357 967 partes
387 884 480 951 animi
509 884 646 965 singulas
674 883 853 967 singulatim
883 882 1086 966 conspicere,
1126 898 1181 965 et,

252 1003 328 1081 quid
347 1000 440 1065 sitin
461 1000 564 1065 animo
582 999 719 1084 justitia,
741 1019 897 1081 quamque
918 1001 979 1067 vim
1004 1002 1043 1067 ad
1062 1002 1180 1068 beatam

256 1114 348 1180 vitam
370 1115 500 1200 lrabeat,
522 1119 646 1200 assequi
668 1131 699 1183 et
719 1116 907 1200 perspicere.

557 1354 853 1437 Thrasymacho·

426 1471 469 1535 dc
492 1472 684 1561 justitia
715 1491 761 1534 ac
784 1470 1023 1550 felicitate

632 1586 814 1670 placita.

306 1818 367 1883 Sed
405 1830 441 1882 ut
479 1814 728 1897 disquisitionem
770 1816 933 1880 instituere
973 1817 1004 1880 in
1041 1815 1192 1897 justitiam

264 1933 408 2016 vitaeque
438 1930 613 1999 felicitatem
642 1951 807 2013 paramus,
846 1934 937 1998 ecce!
977 1933 1082 1998 denuo
1100 1931 1194 1997 nobis

265 2064 435 2116 occurrunt
456 2047 637 2131 sophistice
683 2050 831 2130 quodque
856 2051 915 2136 jam
945 2049 1061 2116 dudum
1086 2052 1198 2115 clama·

267 2183 360 2249 runt,
381 2169 432 2232 hle
453 2181 617 2250 repetunt,
641 2166 759 2230 inanem
784 2184 847 2230 rem
868 2185 958 2244 esse,
983 2185 1076 2249 quam
1104 2185 1198 2248 quae·

268 2284 385 2349 rimusr
431 2281 580 2365 opinione
618 2282 778 2347 hominum
820 2281 894 2347 fetri
924 2283 1102 2367 justitiam,
1129 2301 1197 2348 esse

269 2416 370 2468 autem
398 2399 476 2465 nibil
505 2419 634 2481 reapse,
668 2401 741 2474 vel,
772 2401 799 2464 si
829 2398 906 2480 quid
936 2399 1000 2480 sit,
1044 2403 1198 2484 aarum
1307 2431 1315 2447 ·

273 2538 341 2586 esse
361 2523 491 2600 airaldo,
514 2520 621 2587 cicalae
641 2521 779 2600 βλαβὴν.
794 2514 834 2583 (·)
879 2515 987 2582 Simile
1007 2516 1083 2598 quid
1106 2516 1203 2582 nubis

271 2651 337 2701 tum
365 2632 546 2720 objecerunt
573 2633 731 2716 Gorgias,
761 2634 927 2710 Callicles,
958 2635 1074 2713 Polus,
1103 2652 1199 2714 quum

271 2753 307 2819 in
343 2753 409 2817 veri
441 2769 636 2817 versaremur
671 2750 903 2832 disquisitione.
977 2751 1094 2816 Verum
1135 2770 1202 2816 esse

273 2870 353 2936 nihil
379 2868 581 2946 dictitabant,
617 2866 679 2931 nisi
706 2868 792 2947 quod
819 2869 998 2946 videretur,
1043 2865 1138 2947 idque
1167 2870 1205 2932 ad

272 2984 425 3068 justitiam
452 2984 619 3048 tollendam
651 2982 849 3047 adhibebant.
914 2984 976 3049 Sed
1001 2985 1113 3049 borum
1140 3003 1207 3050 orn·

279 3098 366 3164 niur'n
392 3098 598 3180 inprimisque
617 3099 803 3182 Protagorae
823 3101 1033 3167 cavillationes
1062 3100 1206 3166 idearum

277 3212 460 3303 auctoritate
491 3235 525 3280 ac
560 3215 689 3280 veritate
725 3214 900 3284 confutavit
931 3196 1016 3301 apud
1049 3219 1205 3283 Platonem

280 3333 435 3398 Socrates.
501 3331 728 3416 Thrasymachi
763 3353 838 3400 veto
877 3336 963 3401 istud
994 3335 1026 3399 in
1053 3333 1207 3419 Justitiam

278 3451 415 3530 dictum,
450 3451 575 3533 injustis
596 3471 663 3514 cam
680 3451 844 3539 prodesse,
872 3454 967 3527 iustis
989 3471 1062 3517 vcro
1082 3473 1210 3533 nocere,

207 3636 210 3640 .
279 3575 393 3650 habet,
429 3589 492 3652 quo
528 3585 659 3636 mentem
693 3562 846 3634 continuo
879 3586 1017 3635 nostram
1049 3571 1209 3647 advertat,

180 3674 184 3679 ¹
282 3707 338 3754 uec
360 3689 444 3754 omni
475 3703 522 3751 est
552 3705 644 3766 sane,
676 3687 703 3753 si
734 3686 827 3751 vitam
857 3687 1016 3751 hominum
1047 3707 1212 3770 moresque

281 3809 494 3884 attendimus,
518 3802 785 3870 verisimilitudine
804 3803 1000 3869 destitutum.
1043 3804 1124 3869 Nam
1147 3819 1212 3869 tan-

1145 3938 1209 3988 tum

322 4054 362 4120 (l)
381 4055 491 4120 Deliep
521 4051 531 4101 l
563 4049 622 4102 388.
658 4047 713 4100 lll.
733 4048 791 4114 592.
812 4047 839 4096 ll.
