2896 5168
628 471 815 549 ,ιι-89·-

265 648 441 728 Platonica,
461 646 596 714 videtur.
656 648 761 733 Hujus
792 649 872 714 enim
900 663 1047 714 constans
1075 667 1191 732 propo·

267 764 361 831 situm
390 776 460 841 est,
483 777 517 828 ut
548 781 604 845 per
626 766 728 845 pulcri
752 765 888 831 studium
916 781 1016 846 artes,
1047 784 1104 847 pcr
1130 765 1195 830 veti

265 881 401 947 studium
429 879 610 961 disciplinae
641 882 798 961 graviores
827 884 864 947 ad
894 902 993 948 veram
1022 901 1193 948 accommo-

265 999 380 1064 dentur
413 990 596 1080 valeantqne
633 999 753 1083 generis
783 1001 907 1066 humani
945 1003 1095 1081 salutem3
1138 1003 1195 1067 ‘sed

266 1115 394 1197 exsequi
414 1116 476 1182 hoc
499 1117 697 1199 propositum
716 1120 805 1201 jubet
831 1118 930 1199 ipsius
953 1117 1128 1182 dialecticae
1149 1117 1196 1181 di·

263 1232 401 1314 ligentil.
469 1233 508 1299 Et
538 1236 625 1301 Plato
660 1235 782 1316 quidem
812 1234 850 1299 de
884 1234 1003 1300 artibus
1035 1234 1194 1316 literisque

264 1366 300 1413 ac
321 1348 494 1433 disciplinis
517 1352 682 1418 tractandis
697 1328 768 1417 'non
791 1352 961 1433 peculiares
987 1354 1135 1433 quosdam
1158 1353 1196 1416 li·

264 1464 364 1532 bellos
386 1467 530 1549 scripsit,
563 1469 618 1533 sed
644 1469 741 1551 ipsam
766 1483 795 1531 et
821 1467 921 1550 pulcri
943 1485 974 1534 et
1001 1469 1063 1532 veri
1091 1469 1194 1550 philo·

223 1609 225 1613 ’
261 1582 405 1666 sophiam
433 1584 489 1649 illo
520 1584 553 1649 in
579 1604 673 1666 opere
699 1586 865 1666 exposuit,
899 1605 963 1666 qtro
993 1587 1032 1649 de
1056 1585 1195 1666 politicis

261 1698 356 1796 rebus
378 1696 581 1780 perfectoque
607 1700 795 1782 reipublicae
818 1717 902 1764 statu
926 1716 1042 1783 ageret.
1084 1702 1193 1765 Locus

254 1816 343 1881 enim
364 1815 415 1881 hic
436 1817 530 1881 rebus
551 1832 612 1883 tam
636 1817 753 1898 magnis
779 1833 872 1896 atque
899 1817 1073 1881 illustribus
1101 1817 1191 1880 unice

260 1946 324 1997 erat
345 1945 461 2014 aptus,
483 1946 513 1997 et
532 1931 645 2013 nobis,
668 1933 699 1997 ni
718 1931 830 2012 fallor,
852 1947 1021 2015 postquam
1042 1934 1102 1996 huc
1123 1952 1177 2014 per

258 2048 424 2131 venimus,
445 2067 529 2113 nunc
550 2052 670 2115 demum
691 2068 741 2114 res
760 2048 828 2114 illac
849 2050 1046 2132 gravissimae
1067 2049 1098 2113 in
1118 2051 1188 2115 luce

256 2165 378 2247 positae
399 2165 557 2231 videntur.
613 2165 810 2232 Admirantur
837 2167 888 2231 lrlc
915 2183 1015 2230 autem
1046 2167 1186 2249 philoso-

256 2282 348 2365 phiae
364 2283 538 2349 Platonicae
559 2300 623 2347 non
648 2283 750 2347 solum
775 2283 964 2362 ubertatem,
987 2285 1041 2347 secl
1067 2284 1187 2366 simpli·

255 2397 381 2466 citatem
409 2400 513 2466 etiarn.
557 2400 633 2465 Uno
660 2399 711 2463 illa
737 2415 917 2464 constanter
943 2416 1049 2464 tenore
1077 2421 1186 2482 proce·

254 2515 321 2597 dit,
344 2531 443 2598 utque
467 2535 485 2582 a
510 2516 666 2599 principio
689 2518 726 2581 ad
750 2536 800 2581 res
823 2516 1052 2598 perspiciendas
1079 2518 1186 2600 politi·

255 2651 308 2698 cas
336 2632 547 2715 praeparavit,
569 2631 611 2696 ita
639 2632 713 2710 hlc,
736 2630 792 2694 ubi
819 2650 870 2698 eas
894 2633 1044 2713 exponit,
1067 2635 1105 2698 ad
1133 2654 1186 2714 su·

255 2749 379 2832 puriora
405 2751 457 2816 illa
477 2750 581 2816 omnia
608 2750 767 2814 recolenda
792 2748 927 2812 animum
955 2762 1096 2812 nostrum
1124 2764 1186 2814 tra·

254 2867 342 2932 ducit
371 2868 487 2933 denno.
552 2865 614 2930 Sed
644 2865 682 2930 de
713 2863 783 2946 ipso
812 2865 873 2946 jam
903 2865 1042 2929 Platonis
1073 2863 1184 2949 effato,

255 2983 343 3066 quod
361 2983 516 3061 (linimus,
542 2983 612 3047 dati
634 2983 729 3063 operi
749 2997 888 3062 agamus.

490 3217 546 3284 Da
576 3217 706 3302 effato
739 3216 950 3296 Platonis,

254 3353 330 3402 non
359 3350 456 3399 ante
485 3332 605 3402 reios
631 3332 811 3422 publicis
831 3332 963 3414 finam
986 3333 1178 3416 fatorum

240 3488 246 3499 ·
355 3450 575 3532 malorum,
614 3470 731 3539 qoam
760 3451 952 3535 praesint
985 3448 1076 3513 iilis

546 3639 550 3649 ‚
594 3567 836 3654 philosophi.
878 3571 881 3596 ¹

295 3801 390 3869 Haud
407 3799 497 3866 facile
523 3800 656 3881 protulit
680 3799 849 3880 antiquitas
871 3799 1077 3880 sententiam,
1100 3821 1179 3884 qnae

250 3931 387 3999 tantam,
410 3932 553 4001 quantam
575 3915 700 3982 effatum
720 3918 837 3996 hocce,
860 3913 1064 3980 celebritatem
1090 3933 1179 3984 nacta

250 4035 306 4108 sit.
347 4036 416 4104 Nec
432 4054 511 4104 vero
528 4032 713 4116 defuerunt,
730 4033 785 4118 qui
803 4033 1059 4120 reprehenderent
1076 4033 1175 4115 illud,

1111 4168 1173 4212 imo
