2896 5168
648 487 841 555 ''²3⁴''

278 651 462 721 exnimm.
502 647 608 735 Quod
637 665 704 715 non
728 647 875 730 proiecto
902 653 1075 723 socordiae-
1097 657 1207 725 homi-

276 786 352 834 num
374 766 573 832 tribuendum
599 775 731 845 putetur
758 779 853 844 uam,
882 767 1099 848 settembre
1124 771 1207 839 dm-

274 880 351 961 plici
381 879 522 958 nnana,
546 877 622 960 'ipsi
639 877 715 961 ‚sibi
744 877 941 947 difficultmes
972 883 1195 967 molestiasque

272 997 446 1061 innumeras
471 1006 565 1073 atque
586 990 784 1074 gravissimas
805 995 1026 1078 proiecerunt„
1049 1017 1127 1080 quas
1144 1018 1203 1069 su·

271 1127 379 1193 parare
405 1109 614 1191 qualicunque
639 1108 757 1187 modo,
789 1108 851 1179 nisi
880 1115 1002 1179 summi
1026 1111 1120 1183 amai
1148 1113 1201 1179 ins
1276 1130 1279 1135 ·

269 1223 411 1291 tunsione
446 1241 481 1289 ac
508 1220 678 1287 disserendi
713 1218 885 1287 subtilitate
916 1239 983 1288 non
1010 1239 1199 1307 potuerunt,

270 1338 350 1407 Rem
384 1336 525 1418 equidem
552 1333 654 1398 malim
691 1331 813 1396 aliunde
841 1350 991 1412 reperere.
1059 1338 1200 1413 primum

267 1452 348 1518 enim
367 1464 450 1515 recte
476 1467 494 1512 a
521 1443 716 1526 sapientibus
741 1443 898 1518 monitum
924 1464 993 1530 est,
1012 1450 1045 1517 id
1074 1453 1198 1528 homiui

266 1563 333 1628 fere
352 1562 392 1627 ad
418 1559 646 1640 assequendum
673 1556 888 1626 difficillimum
919 1580 1012 1646 esse,
1034 1566 1121 1647 quod
1144 1581 1196 1635 est

251 1675 551 1759 -simplicissimumr
573 1672 709 1756 deinde,
730 1673 818 1754 quod
841 1675 876 1741 io
902 1677 983 1743 vitae
1014 1697 1074 1745 usu
1104 1700 1201 1765 expe·
1294 1753 1299 1762 ,

266 1793 375 1859 thoth
398 1794 511 1871 docet,
532 1808 621 1873 aegre
643 1788 769 1855 sibimet
792 1787 868 1871 ipsis
898 1790 1052 1873 imputant
1078 1812 1196 1870 mortar

263 1910 331 1989 les,
354 1909 438 1989 quod
459 1905 492 1970 in
514 1905 607 1970 rebus
641 1902 835 1986 inquirendis
854 1905 1112 1991 perficiendisque
1141 1931 1191 1977 ar-

264 2024 360 2090 duum
390 2021 578 2086 existimant.
622 2019 803 2086 Maluernnt
822 2018 918 2101 igitur
942 2021 1126 2105 philosophi
1144 2020 1192 2090 fe·

263 2156 422 2206 neretum
459 2135 706 2229 explicandarum
734 2132 943 2201 difficultatem
967 2138 1016 2201 vel
1041 2136 1120 2220 ipsis
1141 2156 1192 2204 res

262 2253 323 2320 bus
344 2253 394 2318 vel
420 2265 547 2315 natutae
576 2251 723 2314 humanae
752 2249 978 2330 imbecillitati,
1000 2271 1091 2331 quam
1124 2272 1190 2318 suo

261 2368 325 2450 ipsi
370 2364 448 2430 vitio
480 2365 710 2447 quaerendique
757 2363 950 2446 perversitati
995 2365 1183 2434 adscribere.

262 2482 365 2564 Cujus
394 2478 456 2561 ipsi
488 2477 618 2543 rationis
647 2491 794 2557 tenaces,
827 2477 880 2544 virt
908 2477 1008 2558 illud,
1043 2482 1131 2561 quod
1155 2495 1188 2548 er

259 2608 421 2663 monuerat
444 2592 532 2659 Plato
568 2607 599 2656 et
623 2591 843 2673 philosophiae
875 2592 942 2673 ipse
973 2610 1049 2681 suae
1075 2599 1188 2680 normh¹

259 2725 291 2776 et
317 2709 425 2774 habitu
456 2706 489 2771 in
521 2707 658 2769 omnium
694 2704 791 2769 veluti
822 2720 994 2786 conspectu
1012 2724 1184 2790 posuerat,

256 2824 466 2891 attenderunt.
509 2816 584 2904 Quo
603 2817 700 2900 magis
718 2816 749 2908 in
774 2816 807 2882 id
834 2816 977 2901 profecto
997 2819 1090 2886 nobis
1108 2837 1182 2887 toto

256 2953 385 3024 pectore
406 2933 645 3001 incumbendum
671 2945 742 3012 est,
771 2945 807 2997 ut
825 2932 971 3015 assidue,
1000 2941 1180 3020 nocturni,

257 3071 295 3121 ut
333 3053 385 3118 ille
412 3051 477 3134 ait,
520 3048 695 3129 diurnaque
724 3065 832 3115 ,mauu
875 3049 1033 3119 Socratica
1063 3054 1180 3135 scripta

256 3182 437 3247 versantes,
479 3163 652 3229 imbuamur
684 3161 798 3227 sensim
830 3165 1040 3247 paulatimque
1069 3169 1179 3237 Socra·

208 3306 210 3312 ⁸
256 3286 334 3353 ticae
358 3282 441 3348 illius
462 3277 672 3361 simplicitatis
702 3294 818 3359 sensu,
839 3293 934 3361 atque
956 3284 993 3346 ad
1014 3283 1109 3368 hujus
1130 3303 1184 3358 ra·¹
1249 3336 1252 3345 .

255 3400 373 3466 tionem
406 3393 545 3460 divinum
578 3404 801 3472 praeceptum,
841 3412 859 3458 a
890 3393 1057 3463 Socraticis
1085 3400 1178 3467 unice

254 3511 464 3586 celebratum,
484 3509 570 3588 ordia
595 3507 740 3583 rasoria,
774 3503 808 3571 iu
830 3506 932 3576 studia
955 3510 1047 3578 etiam
1068 3531 1179 3588 nostra

252 3623 533 3694 accommodemus.

261 3782 265 3790 ·
295 3738 381 3827 Quis
410 3735 481 3803 finis
506 3732 549 3798 sit
567 3729 785 3814 philosophiae
806 3733 1004 3824 Platonicae,
1026 3760 1120 3826 quem
1142 3745 1178 3821 iq

252 3856 305 3924 his
330 3844 605 3932 disquisitionibus
641 3866 794 3937 perpetuo
826 3854 1059 3941 quaesivimus,
1094 3877 1176 3929 non·

251 3971 326 4040 dum
355 3959 578 4035 declaravimus
601 3962 688 4034 satis.
731 3964 801 4033 Nec
830 3983 933 4041 tamen
959 3973 1107 4058 exiguum
1136 3975 1178 4051 il,

250 4082 309 4154 lud
319 4090 390 4159 est,
419 4072 505 4154 quod
523 4074 715 4160 reperimus,
736 4081 860 4146 tendere
877 4075 942 4152 eam
963 4085 996 4149 in
1011 4087 1096 4150 omni
1109 4089 1173 4151 dis-

1101 4217 1175 4287 cep-
