<?xml version="1.0" encoding="UTF-8"?>
<!DOCTYPE html PUBLIC "-//W3C//DTD XHTML 1.0 Transitional//EN"
    "http://www.w3.org/TR/xhtml1/DTD/xhtml1-transitional.dtd">
<html xmlns="http://www.w3.org/1999/xhtml" xml:lang="en" lang="en">
 <head>
  <title>
</title>
<meta http-equiv="Content-Type" content="text/html;charset=utf-8" />
  <meta name='ocr-system' content='tesseract 3.04.00' />
  <meta name='ocr-capabilities' content='ocr_page ocr_carea ocr_par ocr_line ocrx_word'/>
</head>
<body>
  <div class='ocr_page' id='page_1' title='image "./initiaphilosoph04heusgoog_0149.png"; bbox 0 0 2896 5168; ppageno 0'>
   <div class='ocr_carea' id='block_1_1' title="bbox 773 490 966 553">
    <p class='ocr_par' dir='ltr' id='par_1_1' title="bbox 773 490 966 553">
     <span class='ocr_line' id='line_1_1' title="bbox 773 490 966 553; baseline 0.005 -29"><span class='ocrx_word' id='word_1_1' title='bbox 773 490 966 553; x_wconf 66' lang='grc'>..144-</span> 
     </span>
    </p>
   </div>
   <div class='ocr_carea' id='block_1_2' title="bbox 301 632 1389 3745">
    <p class='ocr_par' dir='ltr' id='par_1_2' title="bbox 405 632 1389 855">
     <span class='ocr_line' id='line_1_2' title="bbox 409 632 1389 742; baseline 0.011 -27"><span class='ocrx_word' id='word_1_2' title='bbox 409 651 476 715; x_wconf 85' lang='lat' dir='ltr'>liae</span> <span class='ocrx_word' id='word_1_3' title='bbox 507 651 605 732; x_wconf 91' lang='lat' dir='ltr'>ipsius</span> <span class='ocrx_word' id='word_1_4' title='bbox 633 666 731 716; x_wconf 90' lang='lat' dir='ltr'>aetate</span> <span class='ocrx_word' id='word_1_5' title='bbox 757 651 892 734; x_wconf 84' lang='lat' dir='ltr'>optimae</span> <span class='ocrx_word' id='word_1_6' title='bbox 911 652 1121 735; x_wconf 83' lang='lat' dir='ltr'>habebantur,</span> <span class='ocrx_word' id='word_1_7' title='bbox 1154 672 1235 723; x_wconf 91' lang='lat' dir='ltr'>utet</span> <span class='ocrx_word' id='word_1_8' title='bbox 1254 646 1329 742; x_wconf 77' lang='lat' dir='ltr'>ipse&#39;</span> <span class='ocrx_word' id='word_1_9' title='bbox 1387 632 1389 636; x_wconf 10' lang='grc' dir='ltr'><em>Α</em></span> 
     </span>
     <span class='ocr_line' id='line_1_3' title="bbox 405 768 1361 855; baseline 0.002 -24"><span class='ocrx_word' id='word_1_10' title='bbox 405 768 531 833; x_wconf 88' lang='lat' dir='ltr'>affirmat</span> <span class='ocrx_word' id='word_1_11' title='bbox 557 783 586 830; x_wconf 92' lang='lat' dir='ltr'>et</span> <span class='ocrx_word' id='word_1_12' title='bbox 615 768 832 848; x_wconf 84' lang='lat' dir='ltr'><strong>Xenophontis</strong></span> <span class='ocrx_word' id='word_1_13' title='bbox 859 772 1031 851; x_wconf 85' lang='lat' dir='ltr'>exemplum</span> <span class='ocrx_word' id='word_1_14' title='bbox 1054 773 1169 854; x_wconf 90' lang='lat' dir='ltr'>docet,</span> <span class='ocrx_word' id='word_1_15' title='bbox 1198 774 1252 855; x_wconf 91' lang='lat' dir='ltr'>qui</span> <span class='ocrx_word' id='word_1_16' title='bbox 1270 775 1323 842; x_wconf 86' lang='lat' dir='ltr'>vix</span> <span class='ocrx_word' id='word_1_17' title='bbox 1359 829 1361 833; x_wconf 81' lang='grc'>,</span> 
     </span>
    </p>

    <p class='ocr_par' dir='ltr' id='par_1_3' title="bbox 301 884 1325 3174">
     <span class='ocr_line' id='line_1_4' title="bbox 353 884 1321 966; baseline 0.01 -20"><span class='ocrx_word' id='word_1_18' title='bbox 353 928 359 938; x_wconf 83' lang='grc'><strong>.</strong></span> <span class='ocrx_word' id='word_1_19' title='bbox 405 885 570 964; x_wconf 83' lang='lat' dir='ltr'>quidquam</span> <span class='ocrx_word' id='word_1_20' title='bbox 600 884 631 947; x_wconf 93' lang='lat' dir='ltr'>in</span> <span class='ocrx_word' id='word_1_21' title='bbox 662 884 818 965; x_wconf 82' lang='lat' dir='ltr'>politicis,</span> <span class='ocrx_word' id='word_1_22' title='bbox 858 901 977 966; x_wconf 88' lang='lat' dir='ltr'>praeter</span> <span class='ocrx_word' id='word_1_23' title='bbox 1010 886 1321 956; x_wconf 83' lang='lat' dir='ltr'>Lacedaemoniorum</span> 
     </span>
     <span class='ocr_line' id='line_1_5' title="bbox 403 1000 1321 1086; baseline 0.009 -23"><span class='ocrx_word' id='word_1_24' title='bbox 403 1000 565 1078; x_wconf 82' lang='lat' dir='ltr'>instituta,</span> <span class='ocrx_word' id='word_1_25' title='bbox 588 1000 710 1064; x_wconf 84' lang='lat' dir='ltr'>laudare</span> <span class='ocrx_word' id='word_1_26' title='bbox 729 1000 861 1065; x_wconf 80' lang='lat' dir='ltr'>solebat.</span> <span class='ocrx_word' id='word_1_27' title='bbox 906 1003 991 1067; x_wconf 84' lang='lat' dir='ltr'>Plato</span> <span class='ocrx_word' id='word_1_28' title='bbox 1018 1024 1091 1069; x_wconf 91' lang='lat' dir='ltr'>vero</span> <span class='ocrx_word' id='word_1_29' title='bbox 1118 1005 1321 1086; x_wconf 86' lang='lat' dir='ltr'>inutraque,</span> 
     </span>
     <span class='ocr_line' id='line_1_6' title="bbox 407 1116 1324 1197; baseline 0.007 -17"><span class='ocrx_word' id='word_1_30' title='bbox 407 1116 598 1195; x_wconf 83' lang='lat' dir='ltr'>maximeque</span> <span class='ocrx_word' id='word_1_31' title='bbox 630 1118 661 1181; x_wconf 93' lang='lat' dir='ltr'>in</span> <span class='ocrx_word' id='word_1_32' title='bbox 693 1117 959 1197; x_wconf 78' lang='lat' dir='ltr'>Lacedaemonia,</span> <span class='ocrx_word' id='word_1_33' title='bbox 991 1137 1027 1184; x_wconf 91' lang='lat' dir='ltr'>ut</span> <span class='ocrx_word' id='word_1_34' title='bbox 1049 1138 1087 1186; x_wconf 86' lang='lat' dir='ltr'>ex</span> <span class='ocrx_word' id='word_1_35' title='bbox 1110 1122 1159 1186; x_wconf 90' lang='lat' dir='ltr'>his</span> <span class='ocrx_word' id='word_1_36' title='bbox 1181 1121 1259 1186; x_wconf 88' lang='lat' dir='ltr'>locis</span> <span class='ocrx_word' id='word_1_37' title='bbox 1278 1123 1324 1186; x_wconf 90' lang='lat' dir='ltr'>in-</span> 
     </span>
     <span class='ocr_line' id='line_1_7' title="bbox 404 1233 1325 1317; baseline 0.009 -22"><span class='ocrx_word' id='word_1_38' title='bbox 404 1233 577 1317; x_wconf 85' lang='lat' dir='ltr'>telligitur,</span> <span class='ocrx_word' id='word_1_39' title='bbox 601 1251 799 1297; x_wconf 84' lang='lat' dir='ltr'>commorunt</span> <span class='ocrx_word' id='word_1_40' title='bbox 819 1234 987 1316; x_wconf 83' lang='lat' dir='ltr'>duritiem,</span> <span class='ocrx_word' id='word_1_41' title='bbox 1010 1250 1075 1300; x_wconf 89' lang='lat' dir='ltr'>tum</span> <span class='ocrx_word' id='word_1_42' title='bbox 1098 1236 1171 1301; x_wconf 89' lang='lat' dir='ltr'>belli</span> <span class='ocrx_word' id='word_1_43' title='bbox 1188 1238 1325 1303; x_wconf 85' lang='lat' dir='ltr'>studium</span> 
     </span>
     <span class='ocr_line' id='line_1_8' title="bbox 403 1350 1323 1434; baseline 0.004 -20"><span class='ocrx_word' id='word_1_44' title='bbox 403 1350 596 1433; x_wconf 82' lang='lat' dir='ltr'>reprehendit</span> <span class='ocrx_word' id='word_1_45' title='bbox 624 1351 839 1429; x_wconf 87' lang='lat' dir='ltr'>vehementer,</span> <span class='ocrx_word' id='word_1_46' title='bbox 876 1361 1140 1432; x_wconf 86' lang='lat' dir='ltr'>persecutusque,</span> <span class='ocrx_word' id='word_1_47' title='bbox 1171 1371 1252 1434; x_wconf 89' lang='lat' dir='ltr'>quae</span> <span class='ocrx_word' id='word_1_48' title='bbox 1273 1355 1323 1420; x_wconf 89' lang='lat' dir='ltr'>hlc</span> 
     </span>
     <span class='ocr_line' id='line_1_9' title="bbox 402 1465 1324 1553; baseline 0.003 -23"><span class='ocrx_word' id='word_1_49' title='bbox 402 1467 626 1545; x_wconf 87' lang='lat' dir='ltr'>inchoaverat,</span> <span class='ocrx_word' id='word_1_50' title='bbox 650 1466 681 1530; x_wconf 92' lang='lat' dir='ltr'>in</span> <span class='ocrx_word' id='word_1_51' title='bbox 702 1484 797 1548; x_wconf 86' lang='lat' dir='ltr'>opere</span> <span class='ocrx_word' id='word_1_52' title='bbox 813 1465 851 1530; x_wconf 80' lang='lat' dir='ltr'>dc</span> <span class='ocrx_word' id='word_1_53' title='bbox 867 1466 998 1553; x_wconf 78' lang='lat' dir='ltr'>Legibus</span> <span class='ocrx_word' id='word_1_54' title='bbox 1019 1482 1079 1531; x_wconf 89' lang='lat' dir='ltr'>est.</span> <span class='ocrx_word' id='word_1_55' title='bbox 1117 1467 1212 1551; x_wconf 90' lang='lat' dir='ltr'>Quod</span> <span class='ocrx_word' id='word_1_56' title='bbox 1229 1468 1324 1535; x_wconf 85' lang='lat' dir='ltr'>maxi-</span> 
     </span>
     <span class='ocr_line' id='line_1_10' title="bbox 402 1581 1321 1664; baseline 0.001 -17"><span class='ocrx_word' id='word_1_57' title='bbox 402 1601 451 1647; x_wconf 89' lang='lat' dir='ltr'>me</span> <span class='ocrx_word' id='word_1_58' title='bbox 472 1581 595 1647; x_wconf 83' lang='lat' dir='ltr'>&#39;videtur</span> <span class='ocrx_word' id='word_1_59' title='bbox 616 1582 804 1662; x_wconf 89' lang='lat' dir='ltr'>tenendum,</span> <span class='ocrx_word' id='word_1_60' title='bbox 827 1581 854 1645; x_wconf 92' lang='lat' dir='ltr'>si</span> <span class='ocrx_word' id='word_1_61' title='bbox 880 1601 961 1664; x_wconf 91' lang='lat' dir='ltr'>opus</span> <span class='ocrx_word' id='word_1_62' title='bbox 989 1582 1067 1646; x_wconf 87' lang='lat' dir='ltr'>illud</span> <span class='ocrx_word' id='word_1_63' title='bbox 1089 1597 1170 1647; x_wconf 90' lang='lat' dir='ltr'>recte</span> <span class='ocrx_word' id='word_1_64' title='bbox 1190 1583 1321 1648; x_wconf 87' lang='lat' dir='ltr'>velimus</span> 
     </span>
     <span class='ocr_line' id='line_1_11' title="bbox 399 1695 1322 1782; baseline -0.003 -17"><span class='ocrx_word' id='word_1_65' title='bbox 399 1699 581 1782; x_wconf 80' lang='lat' dir='ltr'>intelligere.</span> <span class='ocrx_word' id='word_1_66' title='bbox 625 1699 676 1764; x_wconf 85' lang='lat' dir='ltr'>Sic</span> <span class='ocrx_word' id='word_1_67' title='bbox 698 1697 838 1779; x_wconf 86' lang='lat' dir='ltr'>factum,</span> <span class='ocrx_word' id='word_1_68' title='bbox 859 1698 943 1762; x_wconf 88' lang='lat' dir='ltr'>utin</span> <span class='ocrx_word' id='word_1_69' title='bbox 960 1697 1084 1778; x_wconf 85' lang='lat' dir='ltr'>dialogo</span> <span class='ocrx_word' id='word_1_70' title='bbox 1104 1697 1226 1764; x_wconf 85' lang='lat' dir='ltr'>Cliniae</span> <span class='ocrx_word' id='word_1_71' title='bbox 1245 1695 1322 1765; x_wconf 84' lang='lat' dir='ltr'>Cre-</span> 
     </span>
     <span class='ocr_line' id='line_1_12' title="bbox 400 1806 1324 1898; baseline 0.003 -20"><span class='ocrx_word' id='word_1_72' title='bbox 400 1815 480 1880; x_wconf 89' lang='lat' dir='ltr'>tensi</span> <span class='ocrx_word' id='word_1_73' title='bbox 511 1831 541 1881; x_wconf 91' lang='lat' dir='ltr'>et</span> <span class='ocrx_word' id='word_1_74' title='bbox 575 1816 707 1898; x_wconf 85' lang='lat' dir='ltr'>Megillo</span> <span class='ocrx_word' id='word_1_75' title='bbox 736 1806 979 1881; x_wconf 88' lang='lat' dir='ltr'>Lacedaemonio</span> <span class='ocrx_word' id='word_1_76' title='bbox 1005 1813 1125 1878; x_wconf 86' lang='lat' dir='ltr'>tertiam</span> <span class='ocrx_word' id='word_1_77' title='bbox 1145 1814 1324 1897; x_wconf 81' lang='lat' dir='ltr'>adjungeret</span> 
     </span>
     <span class='ocr_line' id='line_1_13' title="bbox 399 1929 1325 2014; baseline 0 -20"><span class='ocrx_word' id='word_1_78' title='bbox 399 1950 584 2012; x_wconf 86' lang='lat' dir='ltr'>personam,</span> <span class='ocrx_word' id='word_1_79' title='bbox 619 1929 773 2012; x_wconf 87' lang='lat' dir='ltr'>hospitem</span> <span class='ocrx_word' id='word_1_80' title='bbox 797 1929 1040 2008; x_wconf 84' lang='lat' dir='ltr'>Atheniensem,</span> <span class='ocrx_word' id='word_1_81' title='bbox 1073 1948 1138 2010; x_wconf 93' lang='lat' dir='ltr'>quo</span> <span class='ocrx_word' id='word_1_82' title='bbox 1160 1945 1258 1995; x_wconf 91' lang='lat' dir='ltr'>semet</span> <span class='ocrx_word' id='word_1_83' title='bbox 1275 1929 1325 2014; x_wconf 91' lang='lat' dir='ltr'>ip·</span> 
     </span>
     <span class='ocr_line' id='line_1_14' title="bbox 399 2045 1324 2129; baseline -0.001 -17"><span class='ocrx_word' id='word_1_84' title='bbox 399 2062 467 2112; x_wconf 86' lang='lat' dir='ltr'>sum</span> <span class='ocrx_word' id='word_1_85' title='bbox 490 2045 680 2128; x_wconf 86' lang='lat' dir='ltr'>significasse</span> <span class='ocrx_word' id='word_1_86' title='bbox 702 2045 848 2127; x_wconf 84' lang='lat' dir='ltr'>videtur3</span> <span class='ocrx_word' id='word_1_87' title='bbox 873 2046 1044 2109; x_wconf 88' lang='lat' dir='ltr'>universam</span> <span class='ocrx_word' id='word_1_88' title='bbox 1063 2060 1164 2109; x_wconf 86' lang='lat' dir='ltr'>autern</span> <span class='ocrx_word' id='word_1_89' title='bbox 1185 2046 1324 2129; x_wconf 85' lang='lat' dir='ltr'>disputa·</span> 
     </span>
     <span class='ocr_line' id='line_1_15' title="bbox 398 2158 1322 2252; baseline 0.005 -29"><span class='ocrx_word' id='word_1_90' title='bbox 398 2161 513 2223; x_wconf 90' lang='lat' dir='ltr'>tionem</span> <span class='ocrx_word' id='word_1_91' title='bbox 538 2159 775 2225; x_wconf 81' lang='lat' dir='ltr'>acreteusium</span> <span class='ocrx_word' id='word_1_92' title='bbox 800 2177 835 2221; x_wconf 90' lang='lat' dir='ltr'>ac</span> <span class='ocrx_word' id='word_1_93' title='bbox 864 2158 1175 2224; x_wconf 88' lang='lat' dir='ltr'>Lacedaemoniorum</span> <span class='ocrx_word' id='word_1_94' title='bbox 1199 2161 1322 2252; x_wconf 78' lang='lat' dir='ltr'>legibus</span> 
     </span>
     <span class='ocr_line' id='line_1_16' title="bbox 312 2273 1321 2365; baseline 0.003 -25"><span class='ocrx_word' id='word_1_95' title='bbox 312 2360 315 2365; x_wconf 18' lang='grc' dir='ltr'>Ι</span> <span class='ocrx_word' id='word_1_96' title='bbox 397 2278 542 2351; x_wconf 83' lang='lat' dir='ltr'>duceret,</span> <span class='ocrx_word' id='word_1_97' title='bbox 565 2274 679 2353; x_wconf 89' lang='lat' dir='ltr'>quibus</span> <span class='ocrx_word' id='word_1_98' title='bbox 702 2274 749 2336; x_wconf 87' lang='lat' dir='ltr'>vir</span> <span class='ocrx_word' id='word_1_99' title='bbox 766 2273 817 2336; x_wconf 90' lang='lat' dir='ltr'>ille</span> <span class='ocrx_word' id='word_1_100' title='bbox 834 2273 982 2354; x_wconf 82' lang='lat' dir='ltr'>Atticus,</span> <span class='ocrx_word' id='word_1_101' title='bbox 1005 2275 1110 2340; x_wconf 74' lang='lat' dir='ltr'>Attica</span> <span class='ocrx_word' id='word_1_102' title='bbox 1126 2276 1321 2358; x_wconf 87' lang='lat' dir='ltr'>urbanitate,</span> 
     </span>
     <span class='ocr_line' id='line_1_17' title="bbox 398 2388 1320 2474; baseline 0.004 -18"><span class='ocrx_word' id='word_1_103' title='bbox 398 2391 593 2457; x_wconf 84' lang='lat' dir='ltr'>humaniores</span> <span class='ocrx_word' id='word_1_104' title='bbox 628 2393 711 2471; x_wconf 84' lang='lat' dir='ltr'>leges</span> <span class='ocrx_word' id='word_1_105' title='bbox 743 2403 928 2470; x_wconf 87' lang='lat' dir='ltr'>opponeret.</span> <span class='ocrx_word' id='word_1_106' title='bbox 992 2388 1076 2454; x_wconf 88' lang='lat' dir='ltr'>Hinc</span> <span class='ocrx_word' id='word_1_107' title='bbox 1105 2393 1320 2474; x_wconf 85' lang='lat' dir='ltr'>explicandum</span> 
     </span>
     <span class='ocr_line' id='line_1_18' title="bbox 359 2505 1323 2590; baseline 0.001 -18"><span class='ocrx_word' id='word_1_108' title='bbox 359 2535 364 2545; x_wconf 93' lang='lat'><em>·</em></span> <span class='ocrx_word' id='word_1_109' title='bbox 395 2512 468 2575; x_wconf 87' lang='lat' dir='ltr'>itent</span> <span class='ocrx_word' id='word_1_110' title='bbox 502 2525 570 2584; x_wconf 87' lang='lat' dir='ltr'>est,</span> <span class='ocrx_word' id='word_1_111' title='bbox 597 2525 691 2587; x_wconf 89' lang='lat' dir='ltr'>quare</span> <span class='ocrx_word' id='word_1_112' title='bbox 719 2505 846 2585; x_wconf 86' lang='lat' dir='ltr'>choris,</span> <span class='ocrx_word' id='word_1_113' title='bbox 879 2520 999 2586; x_wconf 88' lang='lat' dir='ltr'>praeter</span> <span class='ocrx_word' id='word_1_114' title='bbox 1022 2505 1134 2572; x_wconf 88' lang='lat' dir='ltr'>Musas</span> <span class='ocrx_word' id='word_1_115' title='bbox 1163 2523 1193 2573; x_wconf 88' lang='lat' dir='ltr'>et</span> <span class='ocrx_word' id='word_1_116' title='bbox 1220 2509 1323 2590; x_wconf 83' lang='lat' dir='ltr'>Apol·</span> 
     </span>
     <span class='ocr_line' id='line_1_19' title="bbox 394 2619 1318 2705; baseline 0 -16"><span class='ocrx_word' id='word_1_117' title='bbox 394 2625 511 2705; x_wconf 90' lang='lat' dir='ltr'>linem,</span> <span class='ocrx_word' id='word_1_118' title='bbox 546 2624 699 2691; x_wconf 85' lang='lat' dir='ltr'>Bacchum</span> <span class='ocrx_word' id='word_1_119' title='bbox 731 2621 894 2705; x_wconf 88' lang='lat' dir='ltr'>adjecerit,</span> <span class='ocrx_word' id='word_1_120' title='bbox 925 2623 981 2702; x_wconf 91' lang='lat' dir='ltr'>qui</span> <span class='ocrx_word' id='word_1_121' title='bbox 1010 2619 1076 2687; x_wconf 89' lang='lat' dir='ltr'>vini</span> <span class='ocrx_word' id='word_1_122' title='bbox 1109 2641 1168 2687; x_wconf 90' lang='lat' dir='ltr'>usu</span> <span class='ocrx_word' id='word_1_123' title='bbox 1198 2642 1318 2689; x_wconf 88' lang='lat' dir='ltr'>morum</span> 
     </span>
     <span class='ocr_line' id='line_1_20' title="bbox 393 2735 1323 2825; baseline -0.004 -19"><span class='ocrx_word' id='word_1_124' title='bbox 393 2757 577 2825; x_wconf 87' lang='lat' dir='ltr'>temperaret</span> <span class='ocrx_word' id='word_1_125' title='bbox 597 2740 816 2823; x_wconf 84' lang='lat' dir='ltr'>asperitatem:</span> <span class='ocrx_word' id='word_1_126' title='bbox 851 2753 917 2803; x_wconf 91' lang='lat' dir='ltr'>tum</span> <span class='ocrx_word' id='word_1_127' title='bbox 935 2758 1008 2803; x_wconf 88' lang='lat' dir='ltr'>vero</span> <span class='ocrx_word' id='word_1_128' title='bbox 1028 2735 1128 2803; x_wconf 87' lang='lat' dir='ltr'>fusam</span> <span class='ocrx_word' id='word_1_129' title='bbox 1150 2737 1213 2803; x_wconf 91' lang='lat' dir='ltr'>illic</span> <span class='ocrx_word' id='word_1_130' title='bbox 1230 2737 1323 2803; x_wconf 89' lang='lat' dir='ltr'>insti·</span> 
     </span>
     <span class='ocr_line' id='line_1_21' title="bbox 392 2854 1318 2940; baseline -0.005 -15"><span class='ocrx_word' id='word_1_131' title='bbox 392 2861 486 2926; x_wconf 88' lang='lat' dir='ltr'>tuerit</span> <span class='ocrx_word' id='word_1_132' title='bbox 515 2862 554 2925; x_wconf 91' lang='lat' dir='ltr'>de</span> <span class='ocrx_word' id='word_1_133' title='bbox 584 2858 725 2938; x_wconf 81' lang='lat' dir='ltr'>musicl,</span> <span class='ocrx_word' id='word_1_134' title='bbox 753 2857 912 2940; x_wconf 87' lang='lat' dir='ltr'>hujusque</span> <span class='ocrx_word' id='word_1_135' title='bbox 939 2857 1013 2920; x_wconf 89' lang='lat' dir='ltr'>artis</span> <span class='ocrx_word' id='word_1_136' title='bbox 1042 2855 1079 2920; x_wconf 90' lang='lat' dir='ltr'>ad</span> <span class='ocrx_word' id='word_1_137' title='bbox 1099 2854 1318 2920; x_wconf 88' lang='lat' dir='ltr'>humanitatem</span> 
     </span>
     <span class='ocr_line' id='line_1_22' title="bbox 370 2969 1317 3065; baseline -0.006 -23"><span class='ocrx_word' id='word_1_138' title='bbox 370 2976 523 3065; x_wconf 19' lang='lat' dir='ltr'>‘efficacii</span> <span class='ocrx_word' id='word_1_139' title='bbox 557 2972 813 3057; x_wconf 88' lang='lat' dir='ltr'>disputationem.</span> <span class='ocrx_word' id='word_1_140' title='bbox 865 2971 913 3037; x_wconf 89' lang='lat' dir='ltr'>Sit</span> <span class='ocrx_word' id='word_1_141' title='bbox 934 2989 1008 3036; x_wconf 89' lang='lat' dir='ltr'>sane</span> <span class='ocrx_word' id='word_1_142' title='bbox 1028 2990 1139 3053; x_wconf 89' lang='lat' dir='ltr'>operae</span> <span class='ocrx_word' id='word_1_143' title='bbox 1159 2969 1317 3054; x_wconf 86' lang='lat' dir='ltr'>pretium,</span> 
     </span>
     <span class='ocr_line' id='line_1_23' title="bbox 301 3087 1318 3174; baseline -0.005 -14"><span class='ocrx_word' id='word_1_144' title='bbox 301 3102 305 3112; x_wconf 93' lang='lat'><em>&#39;</em></span> <span class='ocrx_word' id='word_1_145' title='bbox 392 3096 467 3160; x_wconf 87' lang='lat' dir='ltr'>haec</span> <span class='ocrx_word' id='word_1_146' title='bbox 495 3111 590 3174; x_wconf 90' lang='lat' dir='ltr'>porro</span> <span class='ocrx_word' id='word_1_147' title='bbox 619 3090 787 3171; x_wconf 88' lang='lat' dir='ltr'>persequi;</span> <span class='ocrx_word' id='word_1_148' title='bbox 818 3089 874 3153; x_wconf 90' lang='lat' dir='ltr'>sed</span> <span class='ocrx_word' id='word_1_149' title='bbox 901 3088 995 3153; x_wconf 90' lang='lat' dir='ltr'>nobis</span> <span class='ocrx_word' id='word_1_150' title='bbox 1021 3091 1083 3171; x_wconf 84' lang='lat' dir='ltr'>jam</span> <span class='ocrx_word' id='word_1_151' title='bbox 1110 3087 1318 3155; x_wconf 84' lang='lat' dir='ltr'>tintocraticae</span> 
     </span>
    </p>

    <p class='ocr_par' dir='ltr' id='par_1_4' title="bbox 366 3203 1188 3287">
     <span class='ocr_line' id='line_1_24' title="bbox 366 3203 1188 3287; baseline -0.006 -13"><span class='ocrx_word' id='word_1_152' title='bbox 366 3225 369 3231; x_wconf 84' lang='grc'><em>’</em></span> <span class='ocrx_word' id='word_1_153' title='bbox 390 3210 435 3274; x_wconf 91' lang='lat' dir='ltr'>illi</span> <span class='ocrx_word' id='word_1_154' title='bbox 456 3209 575 3274; x_wconf 88' lang='lat' dir='ltr'>civitati</span> <span class='ocrx_word' id='word_1_155' title='bbox 593 3206 816 3287; x_wconf 86' lang='lat' dir='ltr'>comparandus</span> <span class='ocrx_word' id='word_1_156' title='bbox 833 3205 882 3267; x_wconf 91' lang='lat' dir='ltr'>vir</span> <span class='ocrx_word' id='word_1_157' title='bbox 897 3203 1109 3279; x_wconf 85' lang='lat' dir='ltr'>timocraticus</span> <span class='ocrx_word' id='word_1_158' title='bbox 1127 3218 1188 3269; x_wconf 85' lang='lat' dir='ltr'>est.</span> 
     </span>
    </p>

    <p class='ocr_par' dir='ltr' id='par_1_5' title="bbox 387 3317 1365 3745">
     <span class='ocr_line' id='line_1_25' title="bbox 432 3317 1318 3403; baseline -0.006 -14"><span class='ocrx_word' id='word_1_159' title='bbox 432 3325 537 3403; x_wconf 90' lang='lat' dir='ltr'>Nam,</span> <span class='ocrx_word' id='word_1_160' title='bbox 567 3321 613 3385; x_wconf 87' lang='lat' dir='ltr'>uti</span> <span class='ocrx_word' id='word_1_161' title='bbox 639 3321 786 3402; x_wconf 90' lang='lat' dir='ltr'>optimam</span> <span class='ocrx_word' id='word_1_162' title='bbox 807 3317 893 3382; x_wconf 73' lang='lat' dir='ltr'>l‘lato</span> <span class='ocrx_word' id='word_1_163' title='bbox 913 3317 1092 3397; x_wconf 88' lang='lat' dir='ltr'>civitatem,</span> <span class='ocrx_word' id='word_1_164' title='bbox 1126 3338 1217 3400; x_wconf 90' lang='lat' dir='ltr'>quam</span> <span class='ocrx_word' id='word_1_165' title='bbox 1240 3319 1318 3384; x_wconf 91' lang='lat' dir='ltr'>aris·</span> 
     </span>
     <span class='ocr_line' id='line_1_26' title="bbox 388 3433 1316 3520; baseline -0.003 -18"><span class='ocrx_word' id='word_1_166' title='bbox 388 3440 547 3504; x_wconf 87' lang='lat' dir='ltr'>rocratiam</span> <span class='ocrx_word' id='word_1_167' title='bbox 574 3434 768 3520; x_wconf 89' lang='lat' dir='ltr'>appellabat,</span> <span class='ocrx_word' id='word_1_168' title='bbox 805 3433 919 3513; x_wconf 87' lang='lat' dir='ltr'>finxit,</span> <span class='ocrx_word' id='word_1_169' title='bbox 959 3447 994 3497; x_wconf 94' lang='lat' dir='ltr'>ut</span> <span class='ocrx_word' id='word_1_170' title='bbox 1023 3435 1157 3514; x_wconf 82' lang='lat' dir='ltr'>exigeret</span> <span class='ocrx_word' id='word_1_171' title='bbox 1187 3435 1225 3499; x_wconf 93' lang='lat' dir='ltr'>ad</span> <span class='ocrx_word' id='word_1_172' title='bbox 1249 3453 1316 3500; x_wconf 86' lang='lat' dir='ltr'>eam</span> 
     </span>
     <span class='ocr_line' id='line_1_27' title="bbox 388 3548 1365 3632; baseline -0.006 -13"><span class='ocrx_word' id='word_1_173' title='bbox 388 3557 485 3621; x_wconf 89' lang='lat' dir='ltr'>virum</span> <span class='ocrx_word' id='word_1_174' title='bbox 514 3556 632 3619; x_wconf 90' lang='lat' dir='ltr'>bonum</span> <span class='ocrx_word' id='word_1_175' title='bbox 663 3565 694 3614; x_wconf 89' lang='lat' dir='ltr'>et</span> <span class='ocrx_word' id='word_1_176' title='bbox 720 3552 839 3632; x_wconf 89' lang='lat' dir='ltr'>justum</span> <span class='ocrx_word' id='word_1_177' title='bbox 855 3548 917 3628; x_wconf 78' lang='lat'>(¹),</span> <span class='ocrx_word' id='word_1_178' title='bbox 948 3549 1053 3613; x_wconf 90' lang='lat' dir='ltr'>eodem</span> <span class='ocrx_word' id='word_1_179' title='bbox 1074 3550 1207 3614; x_wconf 91' lang='lat' dir='ltr'>consilio</span> <span class='ocrx_word' id='word_1_180' title='bbox 1238 3549 1313 3614; x_wconf 89' lang='lat' dir='ltr'>haec</span> <span class='ocrx_word' id='word_1_181' title='bbox 1363 3615 1365 3619; x_wconf 69' lang='grc'>,</span> 
     </span>
     <span class='ocr_line' id='line_1_28' title="bbox 387 3661 1308 3745; baseline -0.012 -8"><span class='ocrx_word' id='word_1_182' title='bbox 387 3672 511 3737; x_wconf 89' lang='lat' dir='ltr'>tradidit</span> <span class='ocrx_word' id='word_1_183' title='bbox 539 3673 577 3735; x_wconf 91' lang='lat' dir='ltr'>de</span> <span class='ocrx_word' id='word_1_184' title='bbox 603 3665 772 3737; x_wconf 84' lang='lat' dir='ltr'>timueratia</span> <span class='ocrx_word' id='word_1_185' title='bbox 802 3665 868 3729; x_wconf 88' lang='lat' dir='ltr'>sive</span> <span class='ocrx_word' id='word_1_186' title='bbox 893 3666 1112 3745; x_wconf 82' lang='lat' dir='ltr'>Spartanorum</span> <span class='ocrx_word' id='word_1_187' title='bbox 1131 3661 1308 3744; x_wconf 87' lang='lat' dir='ltr'>republica,</span> 
     </span>
    </p>
   </div>
   <div class='ocr_carea' id='block_1_3' title="bbox 386 3778 1311 3960">
    <p class='ocr_par' dir='ltr' id='par_1_6' title="bbox 386 3778 1311 3960">
     <span class='ocr_line' id='line_1_29' title="bbox 386 3778 1311 3865; baseline -0.014 -12"><span class='ocrx_word' id='word_1_188' title='bbox 386 3806 421 3853; x_wconf 91' lang='lat' dir='ltr'>ut</span> <span class='ocrx_word' id='word_1_189' title='bbox 443 3791 542 3855; x_wconf 88' lang='lat' dir='ltr'>virum</span> <span class='ocrx_word' id='word_1_190' title='bbox 564 3784 708 3864; x_wconf 91' lang='lat' dir='ltr'>scilicet,</span> <span class='ocrx_word' id='word_1_191' title='bbox 734 3781 788 3865; x_wconf 90' lang='lat' dir='ltr'>qui</span> <span class='ocrx_word' id='word_1_192' title='bbox 809 3780 847 3846; x_wconf 90' lang='lat' dir='ltr'>ab</span> <span class='ocrx_word' id='word_1_193' title='bbox 870 3782 989 3864; x_wconf 91' lang='lat' dir='ltr'>optimo</span> <span class='ocrx_word' id='word_1_194' title='bbox 1011 3780 1151 3864; x_wconf 85' lang='lat' dir='ltr'>proxime</span> <span class='ocrx_word' id='word_1_195' title='bbox 1170 3778 1311 3857; x_wconf 88' lang='lat' dir='ltr'>abesset,</span> 
     </span>
     <span class='ocr_line' id='line_1_30' title="bbox 1272 3897 1310 3960; baseline 0.053 -2"><span class='ocrx_word' id='word_1_196' title='bbox 1272 3897 1310 3960; x_wconf 89' lang='lat' dir='ltr'>ad</span> 
     </span>
    </p>
   </div>
   <div class='ocr_carea' id='block_1_4' title="bbox 421 4032 815 4109">
    <p class='ocr_par' dir='ltr' id='par_1_7' title="bbox 421 4032 815 4109">
     <span class='ocr_line' id='line_1_31' title="bbox 421 4032 815 4109; baseline -0.015 -18"><span class='ocrx_word' id='word_1_197' title='bbox 421 4042 461 4109; x_wconf 82' lang='grc' dir='ltr'>(ι)</span> <span class='ocrx_word' id='word_1_198' title='bbox 481 4043 547 4108; x_wconf 73' lang='lat' dir='ltr'>nep.</span> <span class='ocrx_word' id='word_1_199' title='bbox 568 4035 621 4091; x_wconf 78' lang='lat' dir='ltr'>w.</span> <span class='ocrx_word' id='word_1_200' title='bbox 638 4033 698 4089; x_wconf 73' lang='lat'>⁵4⁴.</span> <span class='ocrx_word' id='word_1_201' title='bbox 717 4032 750 4086; x_wconf 62' lang='lat' dir='ltr'>E}</span> <span class='ocrx_word' id='word_1_202' title='bbox 803 4079 815 4096; x_wconf 85' lang='grc'>,</span> 
     </span>
    </p>
   </div>
   <div class='ocr_carea' id='block_1_5' title="bbox 0 0 1452 5168">
    <p class='ocr_par' dir='ltr' id='par_1_8' title="bbox 0 0 1452 5168">
     <span class='ocr_line' id='line_1_32' title="bbox 0 0 1452 5168; baseline 0 7"><span class='ocrx_word' id='word_1_203' title='bbox 0 0 1452 5168; x_wconf 95' lang='lat' dir='ltr'> </span> 
     </span>
    </p>
   </div>
  </div>
 </body>
</html>
