2896 5168
636 476 828 539 ...947-

482 755 539 820 De
569 757 742 823 hominis
774 776 858 821 cum
891 755 972 820 Deo

583 871 881 939 similitudine.

305 1106 449 1171 Diximus
479 1109 517 1173 de
548 1109 670 1174 Timaeo
698 1110 857 1188 Platonis,
889 1122 1043 1190 quatenus
1075 1108 1193 1174 doctri-

178 1294 189 1312 ,
260 1239 329 1288 nam
343 1224 524 1307 philosophi
537 1228 575 1292 de
584 1227 673 1306 Deo,
697 1227 804 1290 mundi
823 1240 948 1290 auctore
965 1242 1059 1308 atque
1078 1226 1194 1308 guber.

259 1356 384 1420 mamre,
406 1344 570 1425 continet;
603 1346 681 1423 scd,
705 1364 784 1425 quae
805 1342 1005 1409 sithominis
1028 1342 1191 1409 cum'Deo

259 1455 456 1540 similitudo,
478 1475 509 1526 et
528 1480 628 1541 vero,
651 1462 907 1543 quemadmodum
940 1462 1191 1529 contendendum

158 1602 164 1615 ι
260 1572 379 1637 homini
400 1575 466 1656 sit,
500 1591 534 1640 ut
563 1579 821 1658 quamproxime
849 1576 888 1640 ad
914 1576 1036 1642 divinae
1064 1591 1192 1641 naturae

259 1686 481 1773 perfectionem
496 1694 636 1773 accedat,
659 1693 738 1758 idem
751 1711 810 1757 nos
821 1692 962 1776 dialogus
974 1692 1078 1761 docet.
1128 1692 1190 1759 Hic

258 1820 359 1868 autem
381 1806 470 1871 iocus
492 1808 627 1887 primum
648 1807 740 1873 nobis
765 1827 782 1873 ε
801 1782 869 1874 toti
892 1807 1029 1875 Platonis
1049 1807 1192 1903 philoso-

257 1919 332 2000 phid
355 1923 555 2003 explicandus
581 1939 640 1989 est.

299 2037 382 2100 Nam
404 2040 490 2118 quod
512 2039 544 2104 in
571 2041 693 2105 Timaeo
716 2060 815 2125 genus
837 2043 1004 2108 humanum
1029 2049 1125 2129 φυτὸν
1144 2043 1192 2112 ‹u-

255 2151 338 2217 citur
358 2159 410 2223 οὐκ
428 2156 563 2235 ἔγγειον,
584 2155 660 2225 αλλ’
672 2162 812 2240 οὐράνιον·
837 2180 897 2221 non
919 2162 1080 2225 terrerem
1099 2146 1192 2247 plan·

258 2284 313 2348 ιο,
335 2266 395 2333 scd·
405 2273 560 2352 coelestis,
576 2271 617 2339 (1i
642 2274 671 2339 id
698 2274 728 2338 in
753 2277 824 2355 ipso
848 2274 1067 2356 philosophiae
1087 2274 1192 2340 Plato·

256 2383 343 2449 nicae
370 2387 530 2468 prooemio
558 2391 740 2472 explicitum
769 2390 919 2455 vidimus.
983 2392 1121 2456 Acoelo
1143 2411 1191 2457 re-

256 2516 406 2581 petuntur
425 2503 488 2567 illic
507 2508 679 2568 animorum
710 2506 858 2588 origines.
904 2507 1028 2573 Versati
1053 2508 1084 2571 in
1106 2511 1191 2574 Deo·

254 2637 323 2683 rum
349 2621 454 2684 choris
475 2635 570 2696 sunt,
600 2637 781 2702 anteaquam
808 2637 968 2684 terrenum
989 2624 1048 2687 hoc
1071 2641 1189 2706 corpus

253 2734 416 2800 induerent
438 2750 468 2799 et
490 2738 585 2800 sacris
608 2736 824 2801 interfuerunt
840 2737 978 2800 omnium
1004 2737 1193 2818 augustissi-

254 2852 333 2916 mis:
374 2851 444 2921 ὅτε
467 2856 521 2921 σὺν
539 2856 688 2936 εὐδαίμονι
708 2857 786 2938 χορῷ
807 2858 957 2935 μακαρίαν
984 2856 1052 2937 ἄψιν
1079 2860 1185 2924 τεκαὶ

252 2971 319 3037 θέαν
331 2972 465 3051 ἑπόμενοι
487 2976 570 3051 μετα
589 2975 645 3051 μὲν
666 2975 735 3045 Διὸς
752 2975 858 3052 ἡμεῖς,
884 2972 972 3039 ἄλλοι
992 2975 1023 3039 δὲ
1039 2976 1109 3052 μετ’
1128 2972 1186 3040 ἄλ·

252 3104 305 3154 λον
321 3090 404 3161 θεῶν,
426 3085 501 3157 εἶδόν
520 3115 555 3155 τε
577 3092 627 3154 καὶ
650 3090 803 3155 ἐτελοῦντο
825 3099 954 3156 τελετῶν
979 3086 1012 3164 ἣν
1034 3090 1115 3168 θέμις
1135 3090 1188 3157 λέ·

252 3229 318 3283 γειν
334 3207 579 3288 μακαριωτάτην·
600 3203 634 3281 ἣν
654 3207 835 3299 ὥργιοὶζομεν
858 3207 1008 3287 ὁλόκληροι
1029 3209 1085 3285 μὲν
1100 3206 1185 3272 αὐτοὶ

252 3318 353 3396 ὄντες,
375 3323 425 3388 καὶ
453 3323 578 3396 cicuitio
605 3328 702 3388 κακῶν
730 3322 786 3389 ἕνα
815 3325 897 3401 ἡμᾶς
922 3325 952 3387 ἐν
978 3323 1066 3404 ὑπέρῳ
1091 3322 1186 3405 χρόνῳ

251 3441 409 3519 ὑπέμενεν·
436 3441 582 3520 ὃλδκλκρα
603 3443 633 3506 δὲ
660 3438 711 3505 καὶ
733 3441 822 3505 οἱπλῖι
845 3439 895 3504 καὶ
921 3440 1037 3519 ατρεμνῑ
1064 3439 1114 3503 καὶ
1135 3440 1186 3504 εὖ·

251 3557 375 3636 δαίμονα
403 3559 561 3638 odram
591 3557 749 3636 μνοὺμειοί
778 3581 813 3621 τε
844 3555 895 3621 καὶ
919 3555 1132 3627 ἐποπτεύοντες
1153 3553 1186 3620 ἐν

177 3712 179 3717 ·
249 3675 332 3752 αὐγῇ
353 3673 466 3757 καθαρᾷ
486 3672 603 3752 καθαροὶ
624 3672 704 3744 ὄντες
724 3670 774 3735 καὶ
792 3672 959 3749 οὶοιὶμαντοι
978 3669 1083 3734 τούτου
1102 3662 1117 3734 3
1134 3671 1184 3733 νῦν

250 3791 284 3864 ai
306 3795 393 3870 σῶμα
414 3778 618 3870 περιφέροντες
641 3788 821 3870 ὀνομάζομεν
843 3786 939 3867 &apion
960 3783 1065 3866 τρόπον
1085 3784 1185 3851 dedra·

1109 3924 1191 3980 μενι

176 4111 179 4117 Ι
267 4038 327 4108 ,ni
351 4041 515 4108 arm.90a.
1180 4012 1183 4017 ’
