2896 5168
645 463 841 527 ..231-

272 652 392 696 enarum
413 627 645 709 intelligendum
668 624 784 707 putavi.
828 625 935 705 Nam,
958 642 992 691 ut
1023 627 1055 691 in
1079 627 1201 712 dialogo

265 750 320 814 illo
357 748 414 813 Dci
444 745 541 810 veluti
572 743 733 822 imaginem
764 739 1005 820 informaverat,
1041 742 1082 806 ita
1107 761 1200 810 senex

265 867 413 941 tandem,
443 862 475 925 in
498 859 635 946 Legibus
660 858 855 938 scribendis,
886 858 963 922 hanc
985 875 1071 923 suam
1093 858 1132 923 de
1153 860 1200 924 di·

261 982 335 1047 viul
363 983 471 1045 natttrd
502 976 684 1042 sententiam
715 973 888 1040 rationibus
919 975 1104 1055 persuadete
1131 989 1199 1040 stu·

261 1097 344 1164 duit.
410 1095 482 1159 Nos
511 1094 607 1174 igitur
628 1093 702 1171 his,
738 1106 773 1156 ut
793 1110 975 1173 speramus,
1008 1093 1198 1176 praeparati,

261 1214 300 1279 ad
325 1213 480 1292 dialogum
506 1211 593 1275 illum
620 1210 795 1287 illustrem,
819 1208 981 1288 omnium,
1005 1209 1060 1293 qui
1088 1210 1197 1293 scripti

262 1329 418 1395 aPlatone
432 1327 566 1408 aliisque
576 1341 670 1408 sunt,
691 1328 784 1408 longe
793 1324 1091 1407 celebratissimum,
1112 1345 1197 1394 nune

259 1446 379 1511 tandem
402 1446 596 1510 accedamus.

482 1626 540 1740 De
572 1675 731 1739 Timaeo
763 1674 968 1740 Plutonis.

300 1909 382 1973 Vere
417 1905 560 1988 profecto
590 1904 730 1985 Cicero,
764 1905 970 1971 difficillimam
1002 1922 1071 1970 esse
1099 1904 1194 1988 hujus

159 2109 161 2113 v
258 2025 370 2106 dialogi
394 2024 705 2105 interpretationem,
730 2023 867 2106 judicat:
913 2042 961 2087 res
983 2023 1064 2099 enim
1088 2021 1194 2105 ipsas,

257 2140 430 2222 dequibus
453 2139 575 2219 agitur,
597 2139 749 2203 obscuras
777 2159 858 2203 esse.
923 2139 1108 2219 Interdum,
1130 2138 1194 2219 ait,
1289 2150 1294 2162 ‘

256 2277 363 2321 rerum
395 2257 586 2335 obscuritas,
619 2277 679 2320 nort
710 2256 893 2335 uerborum,
927 2258 1043 2340 facit,
1072 2272 1108 2323 ut
1133 2278 1194 2323 non

253 2373 456 2456 intelligatur
474 2375 598 2452 oratio,
621 2373 726 2456 qualis
742 2389 786 2437 ert
802 2377 837 2437 in
852 2373 879 2436 Τ
876 2380 976 2439 iruueo
988 2373 1191 2444 Ptueeersnrl

254 2488 386 2555 Accedit
406 2488 561 2564 musicae,
591 2503 626 2551 ut
648 2488 711 2551 illic
740 2507 810 2551 cnm
834 2489 1118 2556 mathematicorum
1144 2508 1193 2556 ra·

255 2603 395 2669 tionibus
420 2604 586 2685 conjuncta
610 2619 678 2679 est,
711 2603 896 2667 difficultas:
932 2606 1017 2684 quod
1044 2605 1191 2689 Quincti·

253 2723 356 2788 lianus
376 2716 600 2788 animadvertit.
653 2717 768 2795 Plato,
788 2719 850 2795 ait,
873 2739 942 2782 curn
963 2724 999 2783 in
1020 2721 1094 2785 aliis
1120 2724 1192 2805 qui·

253 2820 405 2914 busdam,
428 2850 494 2898 tunt
512 2835 681 2918 praecipue
701 2837 736 2896 ln
758 2834 881 2898 Timaeo
903 2855 940 2897 ue
961 2835 1098 2920 intelligi
1121 2839 1194 2922 qui-

252 2950 340 3030 dem,
373 2953 435 3015 uisi
455 2950 496 3015 ab
515 2952 578 3031 iis,
611 2952 667 3034 qui
695 2955 846 3017 musicum
876 2972 995 3036 qnoque
1024 2951 1193 3038 diligenter

247 3069 467 3155 perceperint,
489 3082 597 3153 potest.
615 3064 658 3131 (²)
724 3068 812 3152 Quae
842 3087 911 3132 cum
946 3073 1121 3136 communis
1149 3071 1193 3137 sit

250 3185 398 3249 Veterum
422 3184 460 3248 de
479 3184 601 3250 Timaeo
620 3184 796 3264 sententia,
817 3183 995 3265 frustraque
1015 3187 1114 3251 adhuc
1146 3189 1191 3254 la-

253 3299 392 3364 borarint
421 3300 632 3380 recentiores,
656 3316 691 3366 ut
718 3316 901 3383 superarent
923 3301 1118 3368 difficultates
1147 3305 1190 3370 is·

250 3433 320 3495 tas,
352 3433 411 3498 ego
444 3435 516 3481 sane
542 3418 642 3484 audax
673 3435 743 3481 esse
772 3431 802 3480 et
833 3417 1022 3485 temerarius
1047 3419 1188 3501 viderer,
1269 3412 1298 3439 ⁵

250 3534 277 3597 si
301 3533 531 3614 interpretando
557 3535 709 3616 explicare
730 3548 831 3599 totum
854 3535 936 3599 hunc
962 3536 1116 3619 dialogum
1137 3554 1190 3618 ag·

254 3653 409 3732 grederer.
452 3651 521 3715 Nec
547 3669 623 3715 vero
652 3651 683 3715 id
712 3651 751 3715 ab
780 3651 871 3716 initio
898 3653 1017 3732 negotii
1044 3651 1188 3735 suscepi,

253 3782 289 3836 ut
309 3770 424 3852 scripta
443 3767 583 3835 Platonis
612 3767 717 3834 dediti
745 3787 840 3850 opera
864 3768 1100 3853 interpretarer,
1133 3771 1189 3837 sed

1125 3888 1186 3954 hoc

284 4024 332 4096 (t)
350 4027 393 4075 De
406 4023 468 4077 Flu.
486 4010 526 4075 lt'.
544 4021 605 4075 od.
684 4021 733 4091 (2)
754 4021 869 4091 Quinet.
888 4020 912 4075 1.
924 4036 966 4078 tt»
