2896 5168
535 466 538 471 ⁴
632 467 833 540 -rss-

256 640 401 723 damiam,
417 659 527 710 msam
549 642 734 730 appellant:
772 658 853 726 quae
883 636 960 702 mill
997 644 1081 703 uerus
1106 625 1189 696 uldo-

255 773 334 823 turr
354 762 383 825 si
408 758 530 846 quidem
560 758 722 824 Platonem
754 778 793 822 ex
821 756 882 823 illa
913 768 1015 824 uetere
1041 768 1190 818 numera·

255 893 346 940 mars:
374 876 463 959 cujus
489 877 526 938 ln
550 871 641 937 libris
663 870 748 936 ntur!
761 873 942 958 affirmatur
957 886 987 936 et
1005 873 1041 934 in
1067 881 1192 935 tetram·

254 1012 314 1079 que
340 1005 467 1078 pamm
495 988 597 1052 multa
625 986 847 1069 disseruntur,
867 985 906 1054 de
936 987 1072 1061 omnibus
1094 1005 1190 1072 quae·

253 1109 366 1185 titur,
384 1106 467 1171 nihil
481 1106 562 1170 cerel
581 1101 702 1170 dicitur
720 1106 791 1189 (1);
822 1103 876 1170 sed
889 1119 994 1171 tamen
1010 1106 1070 1170 illa
1091 1120 1188 1190 quam

254 1225 518 1308 exposuimrms:
537 1223 634 1304 haec,
651 1242 732 1289 noua
763 1228 962 1289 nominetur:
984 1208 1065 1308 quae
1093 1243 1190 1308 usqua

255 1338 301 1405 ad
323 1337 516 1405 Carneadem
530 1338 709 1427 perducta,
739 1341 796 1423 qui
813 1354 949 1431 quartus
974 1340 1015 1407 alr
1037 1341 1186 1407 Arcesila

244 1456 344 1540 fuit,
371 1461 406 1522 in
429 1455 537 1523 cuidem
560 1452 727 1524 Arcesilae
746 1459 870 1523 ratione
888 1434 1064 1544 permansit
1080 1454 1146 1529 ¹(⁸).

283 1574 434 1640 -lndicare
458 1574 552 1639 nobis
580 1575 620 1639 de
649 1574 838 1658 Protagorae
875 1574 1095 1659 similiumque
1116 1575 1188 1644 sive
1225 1636 1228 1643 .

254 1689 467 1773 sophistarum
494 1690 564 1767 sive
592 1690 856 1774 philosophorum
885 1693 1007 1775 placitis
1038 1710 1105 1761 tum
1135 1693 1189 1766 do·

254 1826 338 1874 ntum
379 1806 509 1889 licebit,
541 1822 709 1891 postquam
741 1807 790 1874 his
821 1807 959 1874 Platonis
1000 1808 1186 1875 sententiam

253 1923 293 1998 <le
324 1924 417 2004 veri,
450 1918 489 1990 de
520 1918 612 1996 ὰύτοῦ
640 1932 693 1994 τοῦ
724 1928 804 2005 ὄντος
837 1923 966 1990 scientil
998 1923 1186 2008 apposueri-

252 2055 337 2110 mus.
381 2029 538 2104 Videntur
566 2053 668 2105 autem
691 2040 738 2106 illi
755 2041 848 2107 arctis
875 2060 949 2108 sane
966 2038 1083 2109 tinibus
1111 2042 1188 2110 doc·

254 2155 362 2221 trinam
397 2175 484 2223 suam
519 2156 745 2241 descripsisse,
781 2157 951 2226 referentes
976 2161 1096 2244 quippe
1118 2179 1187 2227 eam

253 2275 291 2357 ad
335 2274 438 2340 solutu
482 2274 632 2339 mundum
667 2272 932 2357 adspectabilem,
976 2290 1013 2340 ut
1044 2274 1187 2343 conferat

248 2389 437 2474 1qutsforte
464 2409 520 2457 eos
545 2408 618 2465 curn
647 2392 816 2474 speluncae
841 2391 1018 2458 Platonicae
1046 2392 1184 2479 incolis,

250 2510 307 2593 qui
339 2525 460 2593 praeter
490 2507 615 2576 umbras
655 2510 918 2592 simulacrorum,
968 2529 1046 2595 quas
1084 2509 1187 2578 oculis

250 2627 443 2710 cemebmt,
463 2627 542 2695 nihil
557 2645 628 2694 esse
647 2646 756 2695 verum
778 2627 1005 2694 arbitrabantur
1017 2646 1030 2694 e·
1060 2628 1118 2694 hac
1140 2642 1187 2696 ta·

251 2765 321 2813 tuen
351 2745 560 2829 exceptione,
592 2760 629 2811 ut
658 2748 803 2813 nonnulli
835 2746 948 2811 horum
975 2745 1187 2830 philosopho·

251 2885 346 2947 rum,
377 2864 497 2948 quippe
525 2864 658 2948 captivis
679 2866 742 2931 illis
769 2867 863 2949 longe
883 2863 1114 2948 sapientiores,
1136 2863 1186 2932 ni·

250 2985 295 3048 hil
322 2981 451 3046 omnino
470 2997 541 3044 esse
559 2997 670 3043 verum
695 2996 903 3061 certumque,
935 2999 976 3044 ne
1003 2983 1082 3047 illud
1104 2986 1185 3053 adeo

248 3100 380 3182 lpsum,
423 3095 511 3177 quod
537 3094 683 3160 Socrates
712 3094 774 3158 sibi
799 3092 1001 3174 reliquisset,
1041 3097 1120 3161 nihil
1149 3117 1187 3167 se

170 3210 173 3222 “
251 3214 355 3296 scire,
386 3211 589 3280 decreverint.
618 3210 840 3299 Quodsiphaec
861 3225 910 3277 cst
940 3210 1073 3277 istorum
1111 3211 1186 3297 phi·

249 3333 456 3416 lusophorunt
469 3329 609 3397 conditio
619 3347 699 3413 ‚nou
716 3328 776 3394 erit
795 3327 906 3411 ncile,
920 3327 975 3412 qui
995 3347 1060 3417 non
1073 3347 1181 3397 escen·

252 3451 325 3518 dere
354 3469 426 3518 cum
456 3450 588 3516 Platone
617 3448 661 3512 itt·
682 3447 832 3514 mundum
861 3453 985 3533 νοητὸν,
1019 3449 1052 3522 iu
1076 3452 1182 3519 sedem

253 3564 397 3637 veritatis
412 3584 528 3649 ,quarn
547 3564 730 3633 delitescere
743 3585 816 3632 curu
838 3564 900 3630 illis
920 3567 953 3631 in
980 3586 1121 3638 errorum
1135 3589 1186 3640 se·

242 3688 292 3768 ,de
309 3685 407 3754 molit.
425 3685 488 3754 sed
507 3700 737 3770 persequamur
753 3681 1017 3769 comparationem
1030 3703 1182 3761 nostram.

1090 3808 1189 3898 Quod

289 3943 337 4014 (ι)
353 3938 450 3997 vute
470 3938 500 3993 itt
520 3938 670 3998 Thesauro
691 3939 726 3996 de
746 3939 1015 4027 summersione
1035 3943 1063 4000 lu
1087 3944 1108 3999 l·
1129 3958 1189 4010 m

251 4043 380 4117 cunihilt
398 4041 506 4101 ctcuu
524 4102 527 4107 Α
576 4040 618 4113 (2)
638 4038 698 4097 Cic·
723 4041 809 4099 dead.
826 4038 865 4113 Q.
882 4040 906 4094 Ι.
923 4055 966 4103 12·
