2896 5168
604 453 810 541 213⁶-

253 634 383 716 cottrlere
405 632 565 710 instituit,
589 631 745 697 Socratem
766 633 839 696 haec
856 630 949 710 facit,
969 646 1003 696 ut
1021 632 1175 714 vidimus,

251 747 435 817 dicentem?
462 752 604 829 Γίγνεται
624 751 718 818 reiron
735 752 838 824 πόλις,
859 753 895 826 ὥς
915 747 1052 832 ἐγῷμαι,
1073 753 1174 827 ἐπειδὴ

250 868 400 948 τυγχάνει
427 860 508 946 {luein
534 863 640 940 iseros
668 871 720 933 ιῦιι
748 867 918 946 αὐτάρκης,
946 869 1032 934 ἄλλα
1056 874 1173 935 πολλῶν

251 984 363 1058 iubetis·
380 983 397 1059 ἢ
413 979 471 1049 τίν’
492 981 542 1047 cler
562 983 659 1062 ἀρχὴν
679 980 777 1056 ἄλλαν
797 983 882 1049 πόλιν
903 985 1037 1066 rixidem
1052 978 1095 1049 (¹)
1119 981 1170 1046 Sic

252 1096 370 1162 scilicet
389 1098 556 1158 convenire
580 1112 683 1158 secum
707 1093 837 1158 invicem
860 1097 1027 1176 homines,
1051 1113 1178 1161 mutuo·

251 1231 314 1293 qne
342 1210 404 1274 sibi
431 1211 601 1306 prodesse,
634 1210 760 1274 statuit:
796 1230 857 1290 qua
885 1212 916 1276 in
944 1230 977 1276 re
1007 1213 1112 1295 apium
1139 1232 1174 1278 ac

252 1327 449 1394 formicarum
471 1325 586 1391 similes
608 1339 696 1392 sunt.
739 1327 799 1391 Sed
816 1326 895 1390 idem
914 1323 952 1389 ab
972 1325 1069 1392 initiis
1089 1328 1176 1393 bisce

252 1440 408 1508 societatis
427 1441 528 1505 omnis
547 1457 582 1505 ac
603 1438 763 1511 civitatum
784 1438 861 1505 illud
880 1439 1067 1526 distinguit,
1087 1442 1174 1521 quod

252 1577 311 1624 nos
333 1576 443 1623 vocare
455 1559 647 1645 principium
660 1558 799 1623 ciuitatis
820 1558 970 1622 solemus.
998 1556 1059 1622 Est
1072 1570 1173 1622 autem

251 1675 284 1739 id
315 1674 391 1756 justi
424 1673 560 1754 nonique
591 1671 754 1751 studium,
787 1671 842 1735 uni
871 1687 994 1736 naturae
1026 1672 1176 1738 humanae

252 1788 441 1872 proprium,
471 1791 577 1872 quod,
610 1807 677 1870 quo
708 1787 804 1870 magis
838 1806 871 1850 se
897 1788 992 1853 homo
1019 1789 1174 1872 explicat,

250 1922 290 1973 eo
324 1906 420 1989 tnagis
453 1903 485 1970 in
514 1922 553 1968 eo
582 1917 731 1984 apparet,
761 1901 925 1986 effecitque
952 1904 984 1970 in
1014 1905 1174 1971 hominum

252 2041 385 2106 genere,
409 2037 444 2087 ut
466 2021 549 2103 leges
577 2020 615 2083 ad
642 2019 720 2102 justi
748 2038 885 2085 normam
914 2035 1038 2085 exactae
1063 2023 1175 2085 conde·

249 2153 379 2216 rentur,
400 2153 495 2217 atque
511 2135 678 2199 existerent
696 2134 739 2198 ita
757 2134 898 2200 ciuitates
909 2137 1173 2218 jurisconsultus,

252 2269 288 2340 ut
306 2253 420 2319 Cicero
441 2267 547 2325 vocat,
578 2250 769 2332 conjunctae.
820 2249 987 2332 Expressit
1008 2253 1068 2317 hoc
1088 2253 1175 2318 Plato

250 2371 341 2454 plane
360 2368 391 2434 in
413 2366 587 2431 Promethei
608 2365 712 2430 sabuli
735 2367 911 2432 enarrandi.
964 2369 1098 2434 Dederat
1119 2370 1175 2434 ho·

252 2483 388 2548 minibus
409 2484 631 2561 Prometheus,
657 2500 717 2547 una
745 2502 814 2546 eum
841 2483 934 2566 igne,
959 2491 1012 2563 τὴν
1038 2490 1174 2575 ἔντεχνον

251 2605 378 2685 crotala,
400 2619 461 2681 qua
479 2591 621 2664 instructi
639 2598 870 2680 prospiciebant
884 2601 964 2680 sibi,
984 2621 1018 2666 ut
1039 2619 1069 2667 et
1084 2607 1172 2670 cibos

236 2731 282 2784 et
302 2731 404 2780 verres
424 2730 454 2779 et
473 2735 555 2780 arina
575 2717 605 2780 el
624 2716 777 2797 quidquid
797 2718 835 2782 ad
854 2716 934 2782 vitae
953 2738 1040 2783 usum
1058 2721 1173 2788 utilita-

250 2846 376 2912 temque
389 2832 566 2916 pertineret,
579 2831 639 2896 sibi
649 2849 878 2918 compararent3
889 2835 989 2900 deerat
1000 2856 1073 2902 vero
1086 2859 1168 2904 mor-

252 2948 365 3014 talibus
393 2954 550 3030 τιιιιτικὴι
585 2969 648 3032 quo
679 2949 792 3028 fiebat,
823 2951 928 3014 uthis
954 2950 1029 3034 ipsis
1060 2957 1172 3038 armis,

170 3153 171 3156 Ἴ
252 3064 367 3143 quibus
378 3082 412 3128 se
421 3063 584 3130 defendere
601 3086 617 3130 a
632 3064 705 3131 feris
719 3067 827 3131 bestiis
840 3067 1030 3149 debuerant,
1048 3090 1083 3136 se
1096 3075 1173 3138 inei·

250 3199 316 3244 cem
340 3179 557 3250 interimerent.
587 3181 673 3267 Quid
693 3181 812 3264 igitur?
841 3183 985 3265 Nempe,
1005 3201 1044 3273 ne
1060 3193 1172 3271 periret

252 3296 409 3359 hominnm
422 3313 537 3378 genus,
556 3297 782 3381 cavitJupitet,
799 3317 833 3361 ac
852 3299 1042 3367 Mercurium
1064 3308 1100 3370 ad
1117 3309 1173 3371 mi·

252 3430 340 3476 seros
359 3417 503 3477 mortales
522 3414 630 3492 misit,
650 3415 702 3495 qni
722 3414 838 3479 inderet
858 3413 896 3477 iis
913 3420 982 3485 αἰδῶ
1000 3422 1050 3487 καὶ
1072 3426 1171 3503 imis,

248 3529 394 3614 pudorem
418 3545 448 3595 et
460 3530 608 3608 justitiae
628 3550 759 3595 sentum.
810 3529 893 3595 Tum
922 3550 998 3596 vero
1025 3553 1112 3602 enata
1136 3538 1169 3601 in

249 3647 298 3710 his
322 3647 410 3710 terris
431 3645 560 3711 Poliriea
582 3659 646 3723 est,
668 3663 900 3727 coeperuntque
919 3648 1058 3715 homines
1075 3652 1105 3714 in
1125 3652 1169 3716 ci-

249 3762 406 3844 vitatibus
425 3762 517 3826 vitam
543 3780 630 3844 agere
655 3760 796 3841 civilem,
832 3763 853 3829 i.
873 3783 900 3828 e.
925 3765 1017 3846 justis
1044 3766 1165 3847 legibus

1092 3896 1168 3946 tem-

285 4014 326 4082 (ι)
345 4015 468 4080 Deliep.
486 4010 526 4067 11.
543 4011 602 4080 369.
615 4012 645 4066 B.
686 4011 730 4066 Cf.
748 4030 826 4083 rupta
843 4032 872 4083 p.
882 4015 925 4080 55.
