2896 5168
628 389 803 481 ‘54⁸-

245 547 317 634 ¹'lia
347 560 407 634 illi.
449 564 557 633 Nobis
587 576 704 642 autem,
735 578 771 628 ut
801 563 898 645 haec,
940 568 1083 648 quamvls
1114 585 1171 637 exa

232 687 314 752 celsa
341 698 373 751 et
412 680 580 760 sublimia,
621 680 832 763 qualicunque
864 681 983 750 ratione
1021 705 1168 770 assequa-

233 803 325 883 mur,
366 800 448 865 idem
479 797 519 862 de
548 795 624 862 bono
658 796 883 879 exquirendum
912 799 1091 886 singulatim
1118 804 1166 870 vi·

229 918 342 996 detur,
373 913 461 995 quod
492 913 531 978 de
560 912 637 980 ideis
664 914 810 982 universe
839 917 1075 1002 quaesivimus,
1097 937 1166 1002 quo

230 1034 362 1100 maxime
387 1030 448 1093 hoc
476 1029 623 1110 placitum
654 1029 795 1097 Platonis
818 1036 983 1116 pertineat.
1027 1035 1164 1124 intelligi

229 1150 261 1214 id
292 1145 525 1228 quodammodo
555 1152 594 1213 eri
623 1146 756 1214 historin
783 1147 1005 1233 philosophiae
1033 1155 1163 1237 poterit.

186 1268 189 1280 '
226 1266 310 1335 Nam
333 1264 491 1347 persecuti
518 1261 638 1346 posteri
668 1261 839 1344 videntur,
861 1267 948 1348 quod
969 1269 1104 1350 primurn
1129 1272 1163 1338 in

226 1379 277 1448 his
307 1398 475 1463 aggressus
506 1379 595 1445 Pla'to
632 1393 704 1462 est,
734 1398 831 1462 quum
867 1381 907 1447 de
931 1380 1048 1466 finibus
1072 1386 1163 1452 bono-

225 1519 297 1566 ram
316 1514 346 1564 cr
367 1499 521 1563 malorum
535 1475 616 1563 ³sive
643 1497 683 1564 de
709 1515 825 1565 summo
855 1499 930 1566 bona
952 1498 1157 1583 inquirerent.

226 1617 288 1686 sed
308 1634 372 1682 rem
400 1635 418 1681 a
444 1612 624 1699 principio,
646 1613 686 1680 ab
714 1613 786 1698 ipso
810 1615 939 1682 Socrate
966 1632 1156 1699 repetamus.

266 1735 342 1803 Duo
369 1733 444 1798 haec
473 1728 624 1811 suerum,
656 1748 736 1811 quae
764 1727 1020 1813 frequentissime
1045 1749 1158 1817 parens

222 1848 443 1937 philosophiae
468 1847 501 1913 in
524 1846 781 1930 philosophando
807 1864 999 1932 usurparet,
1019 1855 1065 1922 ri
1091 1876 1158 1922 aa·

221 1971 295 2038 λδν
331 1992 376 2035 ra
412 1964 480 2032 aa)
515 1965 695 2043 epatis,
720 1962 867 2048 pulcram
898 1978 931 2031 et
959 1965 1090 2047 bonum,
1124 1964 1162 2032 in¹

220 2081 330 2167 prinis
351 2079 571 2146 verodunum.
615 2076 752 2162 Operam
777 2081 850 2148 dare
877 2080 1051 2167 discipulos
1078 2098 1157 2150 suos

219 2197 312 2269 etiam
332 2212 428 2279 atque
452 2194 543 2263 etiarn
565 2195 716 2281 jubebat,
741 2210 777 2262 ut
801 2198 841 2265 de
870 2200 964 2268 rebus
985 2203 1104 2286 pulcris
1122 2217 1156 2270 er

218 2319 390 2404 turpibus,
432 2314 628 2399 maximeque
657 2315 697 2383 de
727 2315 820 2382 bonis
848 2333 880 2384 et
906 2321 995 2387 malis
1028 2303 1160 2404 quaeress

217 2453 306 2505 rent:
331 2435 386 2519 qui
407 2450 511 2503 autem
536 2435 576 2498 ad
607 2433 688 2497 vitae
721 2432 917 2494 honestatem
940 2437 1154 2514 virtutemque

215 2556 278 2622 hoc
306 2524 377 2639 ipso
409 2549 515 2612 studio
547 2555 773 2627 pervenerant,
803 2540 876 2605 illos
906 2541 973 2608 fere
995 2546 1154 2627 appellare

216 2669 327 2742 καλούς
347 2690 383 2733 τε
399 2663 450 2730 καὶ
464 2662 597 2739 siralais
616 2655 751 2721 solebat.
795 2655 988 2724 Enarrarunr
1007 2660 1038 2724 id
1056 2659 1151 2724 nobis

218 2776 392 2856 Socratici,
423 2773 601 2868 Xenophon
619 2772 653 2837 in
679 2771 958 2854 Memorabilibus,
981 2775 1013 2840 in
1040 2776 1152 2858 pleris-

217 2916 281 2982 que
310 2891 443 2980 dialogis
468 2892 581 2970 Plato,
624 2886 865 2973 diligentissime
892 2905 995 2957 autem
1028 2892 1150 2959 studio

213 3011 401 3108 ¹sissimeque
427 3008 630 3094 Xenophon,
673 3007 729 3089 qui
751 3006 822 3091 ipse
840 3007 934 3074 nobis
968 3009 1149 3094 inscriptis

214 3133 362 3201 omnibus
394 3127 529 3215 germani
560 3125 731 3207 Socratici,
774 3128 837 3191 imo
860 3128 960 3211 ἄνδρας
990 3133 1085 3198 καλοῦ
1110 3155 1147 3198 τε

212 3254 268 3321 καὶ
287 3253 403 3332 ἀγαθοῦ
428 3261 576 3327 expressa
600 3242 703 3328 imago
728 3254 789 3307 est.
832 3240 943 3324 Itaque
961 3240 1147 3325 philosophi

208 3366 259 3434 illi
294 3379 355 3430 tam
389 3362 422 3426 in
452 3357 633 3426 hominibus
666 3355 849 3437 laudandis,
893 3376 976 3440 quos
1017 3357 1147 3439 admira.

207 3483 349 3560 bantur,
372 3497 463 3561 quam
489 3475 522 3542 in
555 3473 807 3542 commendandis
843 3472 956 3540 studiis
987 3476 1147 3558 rebusque

210 3595 364 3682 optimis,
392 3606 561 3674 utrumque
581 3592 682 3670 illud,
702 3601 737 3656 ct
755 3591 904 3676 pulcrum
935 3607 967 3658 er
990 3612 1067 3660 veto
1093 3594 1145 3659 bo·

208 3714 285 3778 hum
314 3706 524 3776 celebrabant.
588 3704 717 3792 Agatho
744 3706 829 3790 apud
864 3707 1048 3789 Platonem,
1086 3708 1144 3772 ubi

206 3845 368 3906 amorem,
409 3824 509 3907 qualis
532 3823 598 3900 sit,
626 3821 842 3905 exquisituros
870 3823 1143 3906 discriptorusque
1204 3846 1206 3849 ·

207 3958 281 4027 ost,
319 3942 544 4032 pulcerrimum
574 3959 645 4005 eum
676 3956 708 4007 et
736 3941 885 4029 ¹sprituum
909 3955 1004 4020 esse,
1041 3920 1144 4005 conti·

1084 4070 1147 4118 nu·
