2896 5168
635 477 830 541 —212-

252 642 409 706 declarate
429 640 562 706 studuit.
607 639 683 704 Non
702 641 920 705 abstinendum
939 658 1068 723 prorsus
1085 662 1101 705 a
1119 638 1189 707 sen·

255 757 346 823 sibus
367 757 496 831 docuit,
525 757 579 821 sed
603 757 797 838 philosopho
823 757 947 838 negavit
970 758 1190 838 indulgendum
1288 759 1291 768 '

251 873 290 939 iis
314 874 612 955 gratiticandumque
634 875 665 936 in
690 893 759 938 eum
787 875 912 949 modum
941 894 1026 953 esse,
1062 890 1096 938 ut
1117 895 1188 940 cum

251 990 285 1054 in
313 993 460 1057 veritatis
488 990 594 1054 studio
617 990 855 1056 conturbaretur
867 971 885 1069 ,⁵
900 1006 966 1055 tum
995 991 1125 1056 serviret
1150 990 1191 1056 iis

251 1126 286 1172 ac
310 1113 365 1172 sui
391 1107 612 1171 destitueretur
633 1107 800 1186 libertate,
824 1106 890 1173 ium
920 1125 994 1171 vero
1022 1107 1053 1172 in
1082 1127 1190 1174 omnes

249 1223 393 1289 libidines
424 1224 665 1304 voluptatesque
696 1243 839 1305 pronus,
885 1228 1005 1290 tirtate
1026 1227 1189 1292 excideret.
1216 1215 1218 1219 ¹

248 1339 286 1404 ld
321 1359 396 1404 vero
425 1339 638 1422 praecipiens,
673 1359 753 1422 qnae
782 1346 916 1421 germani
944 1359 1026 1405 esset
1051 1343 1192 1424 philoso-

250 1458 305 1541 phi
336 1458 421 1533 vita,
457 1474 601 1538 quaeque
622 1454 741 1539 integra
769 1474 803 1520 ac
834 1475 911 1538 pura
935 1456 1105 1535 sanctitas,
1139 1460 1192 1524 de-

255 1573 452 1640 monstravit.
497 1575 528 1638 A
552 1577 698 1640 t'ert'tatt't
721 1591 784 1636 eam
815 1572 921 1637 studio
953 1573 1133 1654 repetebam
1162 1585 1195 1635 et

252 1710 327 1756 vero
357 1691 400 1762 sic
427 1689 558 1764 statuit,
592 1689 707 1754 nullam
739 1707 809 1752 esse
839 1689 906 1753 sive
931 1689 1105 1754 libertatem
1135 1689 1194 1753 ho-

252 1808 345 1872 minis
377 1808 444 1871 sive
473 1811 623 1872 virtatem
656 1805 723 1870 sive
755 1810 975 1884 sanctitatem,
1021 1805 1082 1869 nisi
1115 1822 1194 1886 quae

250 1944 322 1988 cum
345 1931 415 1988 reri
434 1941 539 1989 amore
571 1938 600 1988 et
632 1921 783 2005 sapientia
812 1922 983 1987 arctissime
1011 1937 1094 1986 esset
1115 1939 1194 1986 con·

248 2042 374 2125 juncta:
401 2041 487 2121 quod
507 2060 545 2104 ex
567 2041 604 2105 iis
624 2055 708 2121 patet
727 2039 878 2117 maxime,
902 2055 983 2119 quae
999 2057 1095 2119 porro
1109 2037 1194 2118 apud

252 2178 321 2223 eum
350 2158 494 2223 Socrates
518 2159 556 2221 de
581 2159 769 2241 purgatione
790 2158 891 2218 animi
922 2154 953 2219 in
982 2155 1042 2219 hoc
1067 2153 1193 2237 dialogo

250 2274 460 2357 persequitur.
527 2276 675 2357 Kddepaa
703 2285 814 2349 vocat,
850 2290 941 2353 qnam
971 2271 1098 2353 saepius
1131 2288 1208 2336 me·.¹

253 2391 403 2469 moravit,
436 2390 529 2455 animi
558 2409 575 2454 a
612 2408 745 2470 corpote
775 2388 1024 2470 separationem,
1059 2400 1094 2450 ut
1123 2386 1193 2468 ipse

253 2526 351 2589 perse
365 2507 452 2572 vivat
464 2520 617 2589 agatque,
641 2525 657 2568 a
685 2523 839 2588 corpore,
861 2521 1015 2585 tamquam
1037 2502 1193 2580 vinculis,

254 2627 402 2704 solutus,
427 2637 461 2688 ut
483 2624 620 2686 insuam
642 2640 676 2685 se
698 2619 846 2701 receperit
868 2597 1052 2684 libertatem.
1095 2618 1193 2702 Quod

254 2755 290 2804 ut
315 2753 504 2804 consecutus
533 2736 648 2813 fuerit,
683 2749 716 2799 et
743 2733 901 2798 veritatem
931 2734 1120 2813 adsequetur
1146 2730 1195 2797 fa-

255 2855 337 2935 cile,
359 2869 390 2918 et
412 2867 526 2934 sponte
544 2855 604 2916 sud
621 2850 794 2916 virtutibus
818 2836 994 2931 primariis,
1017 2848 1189 2930 sapientii,

256 2969 465 3050 fortitudine,
488 2967 713 3050 temperantia,
732 2966 856 3051 justitid
879 2967 1023 3031 excellet.
1044 2964 1086 3033 (¹)

493 3201 578 3289 Qua
611 3205 765 3269 homini
794 3205 960 3267 ratione

297 3321 350 3387 ad
377 3323 494 3389 sitae
529 3323 800 3387 sanctitatem
830 3315 1152 3408 perveniendam

681 3439 768 3503 est?

298 3670 458 3754 Quantum
484 3668 523 3732 ad
548 3666 628 3732 vitae
652 3647 845 3733 sanctitatem
869 3666 933 3731 veri
955 3664 1060 3730 studio
1086 3682 1122 3729 ac
1145 3682 1194 3727 sa·

178 3774 184 3785 '¹
255 3789 388 3873 pientiae
414 3785 560 3851 tribuerit
587 3785 697 3867 Plato,
729 3805 767 3851 ex
791 3785 876 3854 hisce
902 3783 1042 3849 Socratis
1072 3781 1105 3845 in
1128 3798 1195 3844 car-

1142 3914 1196 3964 et·

188 4068 194 4086 t
293 4040 337 4111 p)
355 4041 505 4095 etaiam
523 4035 728 4108 s7n.-ssc.
