2896 5168
612 368 807 512 ὸιοςι...

252 614 400 693 deamus,
422 612 567 679 iteramus
588 612 676 693 quod
705 611 865 692 d'ntimus,
901 627 994 675 suum
1027 624 1085 674 nos
1113 610 1182 673 cui.

251 732 303 827 vis
330 730 481 817 judicium
513 730 709 810 relinquere3
750 747 859 794 verum
889 728 934 792 sic
960 725 1055 791 uobis
1083 724 1183 791 acturi

250 848 408 931 aptissime
430 848 596 924 videmur,
619 859 672 922 ut,
694 843 721 908 si
747 847 847 931 opinio
871 844 1052 926 quaeritur,
1083 861 1101 907 a
1127 861 1180 907 so·

250 965 365 1046 phistis
405 978 578 1041 eorumque
608 958 765 1025 similibus
800 960 1002 1043 pbilosophis
1037 957 1182 1042 proficia-

251 1097 334 1143 mus.
377 1078 459 1144 Nam
491 1077 589 1141 instar
613 1094 741 1156 eorum,
782 1095 864 1158 quos
897 1078 986 1145 Plato
1017 1083 1178 1165 φιληκοοὺς

251 1207 282 1259 et
308 1197 527 1280 φιλοθεάμονας
546 1208 662 1273 vocat,
684 1213 785 1259 rerum
807 1193 955 1261 videntur
975 1195 1176 1278 peritissimi,

252 1329 331 1395 quae
356 1311 490 1376 videndo
520 1310 737 1390 audiendoque
768 1310 1011 1394 percipiuntur,
1053 1311 1179 1395 ipsique

249 1428 343 1494 nobis
363 1428 550 1494 documento
569 1441 683 1505 erunt,
708 1445 800 1508 quatu
826 1445 935 1509 parum
961 1428 1002 1492 sit
1026 1441 1058 1494 et
1080 1426 1180 1492 sensi·

250 1544 309 1610 bus
340 1559 372 1610 et
399 1545 513 1610 talibus
545 1543 726 1608 hominibus
759 1543 798 1608 sd
829 1563 902 1609 vcra
922 1544 1114 1626 assequenda
1143 1543 1181 1609 fi·

249 1663 300 1727 dei
326 1660 539 1730 tribuendum.
582 1659 639 1724 Sin
668 1663 828 1725 scientiam
845 1674 877 1724 et
893 1664 1060 1726 ueritatem
1083 1679 1178 1742 quae·

250 1778 369 1858 rimus,
401 1794 466 1840 non
488 1775 658 1841 audiendos
689 1774 762 1840 illos
792 1787 962 1856 putemus:
996 1789 1071 1839 sunt
1098 1777 1181 1841 enim

250 1893 359 1958 harum
395 1912 496 1958 rerum
531 1890 629 1976 ignari
660 1892 764 1973 plane.
819 1890 887 1955 Imo
926 1889 1094 1955 manebunt
1126 1889 1181 1955 isti

252 2011 284 2075 in
306 2027 403 2092 specu
431 2010 485 2073 illo
518 2027 601 2089 suo;
624 2027 684 2073 nos
719 2027 795 2072 vero
824 2027 897 2073 cum
924 2007 1055 2074 Platone
1078 2008 1110 2073 in
1137 2009 1181 2072 al-

251 2140 352 2190 terum
384 2121 471 2189 illum
505 2123 678 2201 mundum,
722 2121 823 2205 ipsius
854 2122 992 2188 veritatis
1024 2142 1179 2207 regnum,

250 2241 394 2306 scientiae
421 2238 620 2306 et'veritatis
648 2239 859 2320 assequendae
900 2245 1031 2320 caussa,
1074 2259 1181 2306 escen·

251 2356 379 2431 demus..

295 2474 422 2560 Quodsi
451 2475 534 2540 hunc
566 2475 598 2539 in
631 2474 759 2540 modum
788 2474 1008 2540 aestimandum
1029 2473 1121 2539 nobis
1143 2476 1180 2541 de

251 2593 313 2686 illis
340 2607 407 2675 est,
450 2593 504 2674 qui
533 2592 571 2658 ab
598 2591 689 2657 initio
717 2589 940 2674 disputationis
972 2605 1096 2656 nostrae
1127 2610 1181 2657 oc·

249 2709 374 2777 cludere
402 2709 496 2775 nobis
531 2709 647 2775 aditum
681 2709 719 2773 ad
747 2708 813 2774 veri
844 2706 1076 2790 philosophiam
1114 2723 1182 2774 stu·

250 2826 472 2905 dumento),
494 2846 559 2892 non
580 2827 691 2907 video,
715 2826 793 2908 quid
823 2826 929 2892 obsint
955 2825 1050 2891 nobis
1070 2843 1179 2891 eorum

250 2942 485 3020 cavillationes,
509 2943 678 3021 quominus
707 2943 766 3007 iter
794 2958 936 3007 nostrum
958 2944 996 3008 ad
1017 2942 1103 3023 veri,
1126 2951 1181 3013 ab·

250 3064 302 3124 τοῦ
322 3063 374 3123 τοῦ
393 3058 472 3128 ὄντος
497 3053 678 3133 scientiam,
702 3055 788 3135 quod
809 3074 947 3136 magnam
969 3072 1085 3136 partem
1105 3078 1180 3122 con·
1213 3076 1219 3091 ·

155 3200 160 3209 ·
251 3169 406 3251 fecimus,
429 3188 663 3261 persequamur.
708 3170 794 3254 Quin
828 3170 918 3235 ctiam
943 3170 1103 3253 profuisse
1124 3190 1183 3236 no·

252 3284 301 3350 bis
328 3284 375 3350 illi
400 3286 439 3351 ad
469 3287 693 3369 assequendam
715 3305 780 3365 eam
805 3307 840 3352 ac
869 3286 1096 3371 percipiendam
1124 3287 1183 3353 mi·

190 3472 194 3483 ,
254 3401 341 3469 rifice
368 3402 527 3468 videntur.
583 3404 664 3470 Nam
694 3403 941 3471 dubitationibus
971 3424 1079 3471 eorum
1109 3425 1185 3470 acu·

253 3518 360 3602 tisque
390 3520 553 3585 sententiis
576 3521 655 3585 hanc
681 3536 777 3586 totam
801 3520 947 3588 debemus
973 3525 1013 3589 de
1032 3522 1182 3605 opinione

252 3650 284 3702 et
322 3636 454 3702 scientis
498 3637 772 3719 disquisitionem,
818 3653 853 3702 ut
891 3657 974 3704 nunc
1006 3642 1090 3724 apud
1121 3659 1181 3706 nos

252 3767 399 3834 constet,
441 3753 518 3836 quid
557 3753 701 3821 sensibus
738 3753 939 3820 tribuendum
977 3757 1016 3823 de
1043 3755 1181 3824 Platonis

1113 3890 1183 3944 seii·

287 4007 327 4078 (ι)
348 4005 412 4063 vol.
432 4007 473 4063 11.
495 4007 527 4061 P.
551 4006 575 4063 1.
592 4026 622 4078 p.
640 4010 682 4062 15.
700 4015 727 4062 sl
745 4025 825 4082 supra
842 4026 870 4079 p·
889 4009 948 4079 ¹39·
1018 4060 1021 4065 .
