2896 5168
539 517 710 580 -μ-
797 510 800 516 ·

161 677 261 744 centia
282 678 354 758 illa,
382 696 475 760 quarn
496 679 594 760 dico,
617 679 714 759 ralis,
735 677 805 745 istis
825 677 855 744 ti
875 679 988 763 detur,
1012 699 1085 774 qua·
1107 768 1111 773 1

161 797 220 864 lem
242 795 408 879 aliquando
430 793 535 862 ferunt
556 795 654 863 fuisse
674 797 787 881 Gygi3
809 797 887 880 qui,
912 816 982 864 curn
1008 811 1089 867 terre
1125 884 1126 889 ἵ

160 913 357 981 discessisset
382 912 502 996 magnis
527 913 713 996 quibusdam
741 913 915 1011 imbribus,
945 914 978 980 in
1001 915 1087 981 illurn

160 1029 278 1096 hiatum
307 1031 489 1110 descendit,
524 1048 716 1112 aeneumque
748 1049 887 1113 equum,
920 1045 955 1096 ut
985 1029 1090 1097 ferunt

160 1146 306 1230 fabulae,
333 1147 573 1230 animadvertit,
600 1149 693 1234 cujus
715 1149 747 1213 in
768 1146 917 1213 lateribus
938 1145 1022 1214 fores
1044 1166 1093 1213 es·

160 1280 250 1334 sent:
274 1266 390 1349 quibus
411 1265 551 1349 apertis,
579 1264 715 1331 hominis
737 1262 852 1330 nortui
871 1254 950 1329 vidit
970 1283 1087 1348 corpus

160 1380 371 1466 magnitudine
401 1380 574 1462 inusitati,
604 1383 816 1466 annulumque
842 1400 968 1447 aureum
990 1381 1023 1448 in
1043 1382 1091 1449 di.-

158 1498 247 1581 gitot
271 1517 364 1582 quern
397 1512 434 1565 ut
457 1495 612 1579 detraxit,
642 1498 712 1581 ipse
739 1495 863 1564 induite
893 1512 957 1562 erat
986 1512 1088 1564 sutem

157 1600 266 1697 regius
291 1631 418 1698 pastor:
449 1628 515 1681 turn
544 1615 577 1680 in
604 1612 772 1680 concilium
802 1628 962 1696 pastorum
986 1631 1021 1680 se
1041 1633 1090 1680 re·

157 1729 255 1813 cepit.
307 1729 356 1795 lbi
376 1745 447 1793 cunr
469 1729 568 1811 palam
590 1728 656 1811 eius
676 1728 781 1794 annuli
803 1728 842 1794 ad
862 1731 991 1810 prinam
1013 1746 1090 1795 con·

157 1857 311 1926 vertent,
331 1864 350 1911 a
369 1843 459 1910 nullo
479 1841 667 1925 videbatur,
700 1842 768 1926 ipse
790 1857 892 1911 autern
915 1843 1020 1909 omnia
1041 1846 1089 1910 vi-

156 1960 267 2030 debat:
293 1960 373 2028 idem
404 1979 513 2027 rursus
544 1958 730 2044 videbatur,
760 1979 832 2025 cum
854 1960 886 2027 in
908 1963 1012 2026 locum
1033 1981 1088 2028 an·

44 2146 52 2162 ,
155 2076 265 2143 nulurn
288 2076 466 2143 inverterat.
510 2074 620 2157 Itaque
643 2074 700 2142 hac
722 2075 961 2169 opportunitate
979 2079 1087 2163 annuli

119 2172 122 2177 ’
155 2212 257 2269 usus,
278 2182 400 2274 ragin'ae
421 2205 563 2276 stuprurn
586 2191 718 2273 intulit,
748 2211 846 2275 eaque
865 2194 1017 2279 adiutrice
1036 2214 1086 2260 re·

154 2329 224 2395 gem
245 2309 405 2375 dominum
428 2290 604 2390 interernit,
626 2308 843 2392 sustulitque,
863 2330 945 2394 quos
960 2311 1086 2378 obstare

154 2426 381 2494 arbitrabatur:
401 2442 466 2492 ‘nec
488 2427 521 2492 in
543 2426 593 2492 his
615 2444 685 2492 eum
707 2429 871 2509 quisquam
893 2427 1085 2496 facinoribus

154 2540 262 2627 potuit
281 2541 406 2610 viderer
439 2543 484 2610 sic
506 2556 634 2626 repente
654 2543 760 2609 annuli
782 2542 934 2611 beneficio
956 2563 1009 2610 rex
1031 2566 1083 2612 ex·

63 2660 67 2668 '
152 2672 243 2727 ortus
272 2674 320 2726 est
349 2658 482 2745 Lydiae.
528 2658 564 2726 Si
592 2658 687 2743 igitur
717 2662 781 2728 duo
811 2663 888 2727 tales
908 2663 1014 2729 annuli
1037 2684 1086 2729 es·

152 2792 256 2859 sent,
279 2778 474 2860 alterumque
500 2778 630 2860 justus,
660 2775 798 2860 injustus
827 2777 956 2845 aiterum
978 2781 1085 2860 possi·

96 2966 100 2973 ,
151 2895 237 2960 deret
258 2913 293 2960 ac
315 2893 432 2977 ferret,
448 2894 555 2959 nulius
576 2891 721 2976 profecto
742 2910 853 2972 essct,
876 2907 912 2957 ut
933 2893 1080 2976 videtur,

148 3011 226 3077 adeo
253 3010 489 3089 adamantinus,
530 3008 584 3089 qui
607 3006 639 3073 in
660 3009 729 3092 ipsa
747 3006 867 3093 justitia
889 3027 1080 3095 permaneret

150 3143 182 3193 et
201 3128 241 3194 ab
263 3126 370 3192 alienis
390 3125 547 3192 abstinere
567 3126 685 3206 vellet,
713 3144 789 3199 cum
815 3126 923 3192 liceret
948 3125 1009 3213 ipsi
1041 3151 1079 3198 ex

148 3241 220 3311 foro
241 3243 417 3326 intrepide,
448 3244 671 3325 quodcumque
697 3244 815 3324 vellet,
841 3244 999 3328 arripere,
1032 3249 1079 3314 in-

148 3359 298 3447 gredique
318 3362 431 3426 alienas
453 3363 587 3442 domos,
619 3379 651 3426 et
670 3362 846 3428 clanculum
867 3382 926 3445 pro
948 3363 1076 3432 libidine

146 3498 219 3546 cum
248 3495 377 3562 quoque
401 3477 569 3562 congredi,
600 3493 631 3543 et
658 3498 716 3561 pro
744 3477 873 3544 arbitrio
904 3481 1076 3562 quemlibet

145 3594 344 3679 interficere,
365 3608 395 3660 et
409 3612 448 3661 ex
464 3613 584 3662 carcere
600 3597 745 3676 solvere,
767 3610 798 3660 et
809 3589 998 3677 'alia,quasi
1018 3617 1076 3679 par

144 3716 216 3782 Deo
236 3729 343 3794 esset,
365 3711 446 3778 inter
462 3711 603 3778 homines
622 3730 682 3796 pro
697 3711 826 3777 arbitrio
842 3710 962 3781 facere:
998 3714 1072 3781 haec

143 3829 237 3945 ipsun
257 3850 328 3897 curn
352 3845 484 3911 uterque
502 3826 642 3910 faceret,
664 3845 859 3910 nequaquan
881 3830 957 3893 alter
971 3829 1010 3895 ab
1028 3835 1073 3897 ai·

38 3993 40 3996 -
142 3954 210 4019 tero
241 3947 423 4032 iungendo
455 3944 615 4026 differret,
644 3945 700 4011 sed
726 3944 818 4010 ambo
839 3946 946 4013 eodetn
967 3949 1076 4013 tende·

142 4077 223 4133 rent.
265 4064 354 4150 Quae
378 4062 502 4150 quiden
524 4062 655 4133 noaino
675 4063 759 4146 apud
779 4079 888 4131 onnes
908 4080 977 4137 esse
998 4080 1071 4148 pot-

1023 4198 1068 4247 est
