2896 5168
630 432 822 512 ..134-

208 690 210 695 .
257 613 407 697 piuntur,
427 609 666 678 commutatione
686 608 745 672 (ι).
789 610 984 693 Quamquam
1005 615 1097 678 latuit
1117 613 1184 677 for-

254 742 287 794 te
319 747 400 811 cos,
431 729 517 809 quod
545 726 616 791 item
638 724 743 789 diviua
762 723 893 805 mulier,
915 726 947 791 in
976 726 1083 793 iisdem
1106 747 1178 793 cum

257 843 386 912 Socrate
425 841 640 922 sermonibus,
671 842 711 908 de
739 844 835 907 altero
872 843 926 907 illo
953 846 1094 924 mundo,
1124 847 1180 925 qui

256 977 321 1026 non
356 975 439 1042 patet
467 957 637 1037 sensibus,
661 959 701 1026 de
725 960 819 1025 rebus
851 974 987 1042 νοηταῖς,
1009 961 1048 1029 de
1077 961 1180 1040 ideis,

254 1093 333 1155 quae
355 1073 561 1140 immutabiles
590 1090 690 1155 sunt,
724 1077 954 1158 pronunciavit.
999 1075 1080 1153 lllud
1105 1096 1181 1143 vero

258 1206 366 1259 omnes
386 1189 487 1255 omnis
519 1191 587 1257 aevi
618 1192 826 1274 philosophos
855 1213 890 1256 ac
911 1196 1070 1276 sophistas
1091 1211 1122 1260 et
1139 1197 1182 1260 la·

255 1305 317 1370 tuit
345 1319 378 1372 et
407 1306 514 1375 debuit
531 1309 648 1382 latere,
679 1318 839 1385 quotquot
858 1307 983 1385 quidem
1015 1309 1047 1373 in
1078 1311 1180 1372 homi·

254 1437 296 1488 ne
315 1422 415 1501 nihil,
438 1422 498 1486 nisi
518 1434 663 1484 externos
693 1436 829 1498 sensus,
852 1422 1066 1508 explorarunt.
1108 1423 1176 1486 Hac
1243 1430 1246 1433 ’

255 1555 333 1624 vero
368 1537 400 1598 in
430 1553 462 1598 re
497 1550 560 1597 non
592 1531 733 1598 laudandi
768 1532 813 1598 illi
844 1536 935 1599 nobis
967 1553 1176 1618 magnopere,

237 1649 319 1743 imo
341 1648 591 1731 ‚reprehendendi
616 1649 774 1715 videntur.
818 1653 897 1716 Nam
929 1667 1047 1733 partem
1071 1669 1180 1720 tracta·

208 1786 209 1790 ’
254 1785 288 1835 re
317 1765 559 1850 philosophiae,
581 1768 704 1831 alteram
732 1784 807 1832 vero
841 1784 981 1849 partem,
1005 1787 1085 1850 quae
1112 1771 1183 1833 lon·

255 1903 295 1970 ge
320 1883 495 1950 difficillima
519 1883 764 1968 gravissimaque
785 1900 856 1964 est,
878 1883 1044 1970 ignorare,
1074 1886 1183 1949 saltem

252 2002 439 2086 negligere,
475 2000 583 2083 ecquis
623 2002 731 2067 decere
767 2001 991 2084 philosophum
1029 2001 1177 2067 dixerit?

254 2116 414 2206 Quocirca
443 2136 508 2184 non
539 2118 645 2199 inepte
673 2117 766 2183 nobis
797 2138 890 2201 supra
919 2120 1069 2203 suspicati
1098 2120 1184 2185 vide·

254 2254 350 2318 mur,
371 2253 440 2301 esse
471 2234 544 2316 illos
573 2234 803 2315 quodammodo
822 2253 934 2318 specus
958 2236 1107 2303 Platonici
1134 2238 1183 2301 in·

253 2350 334 2417 colis
354 2351 492 2432 similes,
515 2351 570 2433 qui
592 2350 707 2434 pariter
728 2351 854 2418 alterius
876 2355 1036 2438 cujusdam
1062 2354 1182 2432 mundi,
1275 2359 1278 2366 '

254 2485 432 2552 quemnon
455 2466 624 2546 videbant,
658 2467 783 2550 ignari,
805 2487 839 2534 ea
865 2482 1006 2550 tanturn,
1037 2491 1117 2552 quae
1137 2472 1184 2536 vi-

249 2584 385 2663 debant,
408 2581 604 2646 sermonibus
627 2581 956 2666 disputationibusque
973 2589 1176 2670 usurpabant.

253 2699 300 2764 At
330 2716 405 2763 vero
434 2712 509 2761 sunt
528 2696 646 2777 iidem,
668 2698 755 2778 quod
786 2717 850 2763 non
875 2715 923 2764 est
948 2702 1041 2765 nobis
1059 2703 1183 2767 silentio

253 2811 579 2896 praetermittendum,
610 2811 710 2875 bacin
726 2831 835 2878 caussa
856 2812 1025 2880 dissimiles
1035 2817 1183 2899 illorum,

255 2928 344 3011 quod
366 2928 460 3012 longe
490 2926 631 3011 ipsorum
662 2929 758 3010 major
785 2929 908 2995 miseria
940 2948 1001 2997 est.
1057 2934 1185 3017 Captivi

254 3045 583 3112 enimdelectabantur
600 3042 660 3124 iis,
682 3062 761 3124 quae
779 3045 950 3126 videbant,
972 3048 1122 3130 mirifice,
1145 3069 1186 3119 ne

254 3161 405 3246 suspicati
433 3161 582 3244 quidem,
615 3161 738 3226 umbras
760 3163 832 3227 baec
861 3182 928 3228 esse
957 3185 1081 3245 rerum,
1106 3188 1183 3248 quas

254 3299 320 3350 non
346 3279 514 3354 videbant;
548 3276 593 3340 illi
628 3276 710 3358 ipsas
740 3296 788 3342 res
811 3296 881 3342 csse
901 3280 1025 3345 umbras
1054 3298 1186 3349 conten·

256 3400 347 3466 dunt.
392 3395 488 3483 Quod
513 3393 659 3459 monendi
681 3396 836 3474 lectores,
858 3395 896 3459 ad
915 3409 998 3461 recte
1019 3415 1074 3462 eos
1093 3402 1186 3465 aesti-
1284 3364 1290 3379 ¹

257 3514 412 3593 mandos,
466 3508 674 3590 videbantur,
716 3527 757 3574 ne
787 3509 871 3576 forte
908 3511 1119 3595 imprudenter
1145 3516 1185 3584 iis

257 3628 396 3708 assensi,
427 3628 523 3711 hujus
552 3627 661 3693 fierent
686 3626 813 3693 miserae
845 3628 1037 3696 conditionis
1060 3633 1188 3713 pattici.

255 3765 325 3836 pes.
369 3743 493 3831 Quodsi
525 3743 616 3809 iidem
641 3762 700 3809 uos
733 3757 866 3826 rogant,
899 3744 975 3825 quid
1005 3747 1082 3830 ipsis
1117 3768 1187 3815 sua·

1111 3865 1182 3935 dea·

291 3997 331 4069 (1)
353 4000 443 4068 Symp.
464 4013 511 4065 ²⁰7
529 4003 556 4047 et
575 3998 633 4050 ποθ.
