2896 5168
619 464 816 528 -162-

221 628 225 635 ’
261 640 384 706 rannica
411 658 553 708 vocatur.
609 643 731 724 Nempe
760 649 775 713 l
805 648 895 726 δῆμος
921 649 1186 728 murno-maie

260 761 394 835 leontiae
427 762 603 845 ἐλευθέρων,
644 767 685 837 ele
714 768 773 845 πῦρ
804 763 914 829 δούλων
943 764 1116 837 δεσποτείας
1145 764 1186 831 ἂν

263 877 467 956 ἐμπεπτωκὼς
488 878 637 953 simulari
656 885 712 952 tiit
731 885 846 952 πολλῆς
864 878 974 953 ἐκείνης
995 879 1046 945 tal
1064 879 1197 960 ἀκαίρου,

257 992 421 1075 ἐλευθερίας
441 996 494 1069 τὴν
514 993 743 1074 χαλεπωτάτην
756 1017 792 1060 τε
809 988 859 1058 tal
878 992 1058 1074 πικροτάτην
1077 994 1187 1060 δούλων

252 1109 388 1207 &uariat
405 1110 718 1191 mutuataaelueute·
743 1107 876 1194 populus
894 1109 1056 1172 emireus
1076 1105 1189 1172 llbero-

255 1242 327 1288 ruta
346 1224 502 1288 minua
514 1225 645 1308 fugiens
659 1223 813 1308 sumunt,
853 1227 890 1287 ln
902 1221 1066 1302 flammam
1084 1206 1210 1289 seno-³

253 1358 326 1405 ruta
353 1338 574 1406 domlaatlont'r
598 1337 736 1419 lnet'dlt‚
783 1338 846 1403 loco
871 1339 1008 1422 ingentis
1037 1337 1127 1404 illlur
1153 1351 1186 1403 at

254 1460 451 1544 importunae
485 1456 642 1522 libertatis
667 1453 869 1520 durissimam
896 1452 1184 1538 malleumque

255 1592 416 1638 semorum
437 1575 618 1638 seruitutem
638 1570 770 1636 tullens.
793 1569 835 1638 (¹)

295 1691 370 1756 Non
397 1705 445 1754 est
470 1687 503 1753 in
529 1702 668 1754 veterum
693 1687 960 1770 philosophorum
987 1685 1117 1771 politica
1136 1689 1185 1752 lo·

253 1824 336 1887 cus,
357 1806 414 1888 qui
450 1823 511 1871 tam
544 1803 616 1870 fuse
641 1805 679 1870 ab
711 1804 788 1887 ipsis
820 1818 868 1870 eet
894 1821 1020 1888 tamque
1042 1818 1184 1871 accurate

253 1924 444 2006 expositus,
475 1942 566 2004 quam
595 1923 687 1987 locus
714 1920 765 1986 hic
791 1922 830 1986 de
859 1921 1037 2004 tyrannide.
1087 1920 1185 2006 Quod

254 2059 294 2106 ex
320 2042 516 2120 antiquarum
549 2038 731 2104 conditione
753 2038 1074 2120 rerumpublicarum,
1105 2055 1186 2118 quae

255 2173 363 2221 omnes
387 2154 510 2220 tandem
539 2153 571 2218 in
603 2152 783 2236 tyrannides
813 2154 973 2237 abierunt,
999 2153 1192 2239 intelligitur-

255 2271 359 2338 facile.
400 2270 582 2338 Cavendum
611 2268 726 2335 iccirco
752 2270 786 2334 in
807 2270 916 2354 primis
935 2271 1181 2352 arbitrabantur,

254 2405 296 2453 ne
318 2386 389 2470 quis
413 2387 445 2452 in
466 2384 591 2452 civitate
612 2404 713 2452 novae
735 2406 784 2452 ree
802 2387 983 2467 moliretur,
1001 2388 1065 2454 imo
1087 2407 1183 2470 vero,

253 2524 293 2570 ne
313 2507 363 2570 vel
383 2504 553 2588 paullisper
572 2524 607 2572 oe
631 2505 703 2585 quis
723 2524 796 2588 prae
813 2504 937 2573 civibus
954 2503 1178 2572 suieefferrete

254 2623 337 2687 unde
359 2622 582 2700 ostendemus,
606 2623 806 2706 peculiemur,
827 2623 941 2688 similia
959 2623 1043 2705 apud
1059 2637 1181 2689 veterea

253 2738 417 2819 instituta,
437 2758 475 2803 eo
493 2739 663 2819 spectantia
683 2741 830 2819 maxime,
857 2758 897 2804 ne
913 2739 1047 2804 oriretur
1058 2739 1090 2804 in
1100 2738 1181 2804 civi·

253 2871 317 2922 tate
334 2856 494 2940 tyrannis:
516 2873 582 2922 tum
602 2857 693 2921 etiam
712 2856 900 2922 existimatio
917 2870 948 2921 ct
963 2856 1062 2938 'gloria
1078 2870 1183 2939 tymn-

254 2974 445 3051 uicinorum,
477 2973 509 3036 in
533 2992 667 3053 quorum
690 2974 839 3037 honorem
865 2989 985 3039 statuae
1004 2974 1079 3056 poni
1097 2974 1184 3039 sole-

254 3089 340 3154 bant.
383 3091 492 3169 ltaque
509 3089 623 3154 Cicero
641 3092 811 3154 aemulatus
835 3086 901 3154 sere
923 3107 992 3154 csse
1016 3108 1087 3154 cum
1112 3089 1182 3154 Pla·

252 3221 327 3270 tone
341 3204 487 3285 videtur,
512 3205 566 3291 ubi
587 3205 709 3287 tyranni
731 3204 892 3286 imaginem
913 3204 1088 3275 adumbrat.
1122 3204 1184 3286 Ty.

255 3342 397 3401 rannus,
419 3321 483 3399 ait,
507 3343 568 3406 quo
594 3342 690 3406 neque
718 3324 833 3387 tetrius
861 3341 959 3406 neque
974 3319 1101 3404 foedius
1125 3341 1185 3387 ttae

253 3440 302 3506 dls
334 3438 562 3522 hominibusque
595 3439 726 3502 inultlus
763 3437 888 3501 animal
917 3438 1017 3502 ullum
1046 3439 1184 3520 cogitari

249 3559 464 3646 palestram,
486 3574 677 3639 quamquam
693 3550 809 3636 figura
828 3552 1179 3633 astronomorum

250 3689 355 3738 tamen
375 3673 572 3735 immanitate
592 3673 784 3734 iustissimas
804 3673 901 3734 uincit
921 3667 1052 3736 belluas.
1103 3667 1180 3752 Quis

249 3793 329 3853 enlm
350 3791 433 3852 lrunc
451 3788 600 3851 hominem
621 3791 684 3849 tlte
703 3783 823 3850 dixerit
835 3829 854 3866 r
869 3789 926 3871 qui
945 3785 1004 3852 tt'bt‘
1022 3807 1092 3852 curn
1114 3789 1177 3852 tuit

1136 3924 1211 3968 ιτ·-

257 4089 259 4093 «
283 4061 326 4129 (ι)
345 4063 390 4112 ι).
404 4060 475 4128 περ.
493 4056 582 4113 vau.
598 4056 658 4111 eu.
676 4058 707 4109 c.
727 4083 755 4101 -
775 4059 835 4129 5⁶9.
854 4061 886 4110 u.
