2896 5168
614 458 809 505 -212-

249 624 312 688 sit?
334 661 376 674 -
405 624 550 689 Prorsus.
573 660 617 673 -
648 620 765 684 iccirco
786 635 858 680 vere
874 616 967 685 nobis
985 617 1180 681 demonstro-

249 728 315 804 tuin
340 755 408 818 est,
430 742 491 815 iu,
514 743 539 807 ei
560 741 711 821 μέλλομέν
734 762 807 804 ποτε
830 741 959 816 καθαρῶς
981 761 1010 802 τι
1029 735 1178 812 εἴσεσθαι,

115 940 122 954 ο
192 926 201 941 ,
252 859 469 925 ἀπαλλάκτεον
489 863 541 924 τοῦ
563 857 700 936 σώματος
723 857 772 921 uui
795 860 871 935 αὐτῇ
894 864 932 933 τῇ
954 860 1041 935 ψυχῇ
1063 855 1180 920 θεατέον

252 978 334 1041 aneu
354 978 395 1041 sie
414 975 599 1056 πράγματα·
633 974 684 1039 καὶ
707 972 799 1048 τότε,
831 974 867 1043 ὥς
886 971 996 1042 ἔοικεν,
1028 973 1096 1049 ἡμῖν
1114 971 1181 1040 isui

253 1088 286 1155 οὗ
306 1093 501 1171 ε’πιθυμοῦμέν
523 1116 558 1157 τε
576 1090 624 1155 uui
647 1090 751 1170 Φαμὲν
770 1088 873 1169 s'qoesui
894 1084 985 1173 siloes,
1000 1089 1205 1168 φρονήσεως..

252 1208 371 1274 ἐπειδὰν
392 1209 642 1286 τελευτήσωμεν,
678 1205 745 1287 ζῶσι
767 1208 797 1271 δὲ
819 1206 863 1270 ul·
909 1205 935 1265 si
964 1200 1043 1285 quid
1068 1207 1186 1267 sineere

250 1322 442 1385 intellecturi
464 1330 583 1399 simus,
604 1318 759 1383 discedere
781 1340 833 1383 uos
854 1340 875 1381 a
896 1335 1024 1403 corpore
1046 1333 1186 1403 oportere

250 1453 346 1522 alque
373 1441 438 1524 ipso
466 1442 569 1501 auimo
599 1442 681 1523 ipsas
712 1456 761 1500 res
791 1437 1018 1522 contemplari:
1047 1451 1113 1498 tum
1133 1434 1187 1499 de·

252 1575 359 1634 mum,
393 1570 429 1620 ut
456 1553 604 1631 uidetur,
637 1573 873 1637 consequemur,
907 1550 991 1637 quod
1015 1554 1188 1639 appetimus
1234 1530 1246 1597 .'

251 1672 400 1759 ceq‘usque
419 1692 470 1736 uos
490 1670 621 1735 dicimus
643 1683 783 1734 omoutes
802 1691 884 1746 esee,
907 1672 1090 1753 sapientiam
1103 1666 1189 1734 uide·

252 1793 346 1869 licet,
369 1812 462 1876 quum
479 1792 597 1854 mortui
606 1786 791 1870 fuerimus,
813 1784 886 1851 dum
902 1801 1006 1877 aulem
1028 1789 1186 1865 vivemus,

252 1926 461 1992 nequaquam.
476 1902 517 1970 (¹)

295 2023 397 2087 Facile
425 2023 474 2087 his
501 2016 640 2103 aliquem'
665 2023 704 2087 ad
734 2022 939 2087 aiseiueueiae
964 2020 1186 2107 disciplinam,

256 2157 335 2221 quae
356 2139 658 2222 Neoplatonicorum
683 2155 712 2204 et
734 2159 808 2203 vero
832 2140 1080 2206 Christianorum
1104 2158 1188 2221 qno-

254 2257 390 2319 rumdam
419 2254 503 2333 fuit,
535 2256 644 2320 adduci
677 2255 842 2336 potuisse,
874 2238 988 2339 sponie
1013 2257 1186 2324 cernimus.

254 2370 298 2435 Et
330 2391 425 2452 vero,
457 2371 572 2453 spretis
606 2371 648 2436 ita
681 2390 711 2437 et
740 2374 887 2437 sensibus
911 2390 941 2438 et
966 2374 1185 2456 voluptatibus

255 2504 285 2553 et
314 2489 408 2555 rebus
433 2490 561 2553 omnino
584 2490 766 2571 corporeis,
797 2491 906 2570 quidni
928 2491 998 2555 inde
1021 2494 1081 2556 hoc
1109 2490 1185 2556 item

253 2607 365 2669 ducere
384 2589 551 2688 posteritas
572 2607 734 2695 debuerit,
764 2625 855 2671 unam
877 2608 997 2672 homini
1018 2609 1186 2692 respicien-

255 2723 322 2786 dam
353 2721 489 2787 fusuram
518 2725 611 2788 vitem
635 2742 719 2801 esse,
747 2725 824 2788 hunc
847 2725 1079 2806 negligendam,
1103 2744 1188 2806 quo·

254 2858 316 2921 que
342 2840 438 2918 magis
465 2839 537 2921 quis
566 2840 668 2903 animo
696 2841 887 2919 prospiceret
914 2858 996 2920 suo,
1024 2859 1061 2904 eo
1087 2840 1187 2923 magis

255 2954 316 3035 ipsi
340 2974 408 3018 esso
432 2955 545 3019 scibo
576 2973 733 3036 potuque,
757 2956 941 3035 obesiore,
964 2957 1094 3038 abipso
1121 2977 1188 3023 sna·

256 3071 404 3135 trimonio
430 3072 677 3137 abstinendum?
734 3073 854 3138 Horum
887 3092 961 3138 vero
993 3075 1071 3140 nihii
1102 3068 1188 3158 apud

251 3189 425 3253 Platonem.
478 3188 600 3253 Contra
625 3207 659 3252 se
689 3205 738 3250 res
766 3189 870 3251 habet.
924 3189 988 3270 Ipsi
1011 3192 1088 3254 adeo
1115 3189 1189 3255 reli-

256 3304 340 3387 gioni
371 3316 514 3381 nostrae,
559 3317 594 3365 ut
622 3304 744 3384 prodita
778 3323 794 3367 a
823 3303 930 3367 divino
958 3324 1085 3370 auciore
1116 3321 1188 3387 est,

255 3421 468 3500 conveniunt,
491 3418 518 3481 si
548 3436 629 3483 recte
651 3419 864 3500 accipiuntur,
888 3421 1069 3505 philosophi
1092 3418 1189 3506 pla'ci·

256 3551 298 3601 to.
343 3538 423 3600 Noni
447 3552 586 3617 specton·
608 3537 681 3599 haec
703 3536 734 3600 in
755 3536 865 3617 primis
886 3542 1073 3621 ueritatem,
1092 3542 1189 3606 liber·

254 3669 370 3731 lateus,
394 3658 567 3735 uirtutem
598 3654 686 3718 Plato
708 3668 808 3717 antem
829 3653 859 3718 in
881 3654 964 3736 iliis,
987 3659 1189 3739 quemadmo-

256 3772 328 3836 dum
358 3771 396 3836 ad
428 3754 485 3833 iria
512 3768 565 3833 ina
592 3768 831 3852 perveniendum
862 3772 1056 3857 philosopho
1082 3792 1187 3858 esset,

1133 3892 1190 3956 de·

290 3979 338 4094 (1)Ι
350 4026 497 4078 Phaedone
513 4025 547 4078 Μ
559 4025 677 4080 c.-66
693 4022 727 4076 ἱ.
