2896 5168
648 479 820 544 ...μ-

269 653 315 709 est
344 645 545 727 conjectura,
573 642 725 708 neminem
748 643 927 725 volentem,
956 644 1022 712 into
1043 644 1199 732 invitum,

267 777 336 825 esse
365 762 514 845 justum;
548 761 637 841 quasi
667 758 698 824 id
729 759 900 825 secundum
930 778 966 826 se
991 777 1025 829 et
1050 763 1198 849 privatim

207 887 212 895 ’
263 876 391 943 nonsit
412 877 555 957 bonum3
579 874 726 958 quoniam
754 874 936 957 ubicunque
964 877 1079 965 injuste
1106 899 1199 966 agere

262 993 398 1079 quisque
425 1013 460 1059 se
486 1011 582 1077 posse
610 988 765 1074 confidit,
798 991 863 1076 ugit
886 992 1046 1077 protinus.
1118 997 1197 1067 Pro·

261 1112 352 1178 dssse
382 1108 465 1177 enim
496 1109 632 1192 quisque
663 1108 808 1192 privatim
845 1110 946 1177 multo
983 1113 1081 1198 tnagis
1112 1113 1195 1183 exis·

260 1227 350 1293 timat
369 1223 581 1312 injustitiam,
598 1243 689 1309 quam
708 1223 886 1309 justitiam,
907 1240 1054 1312 raeteque
1072 1232 1195 1315 sentit,

260 1342 407 1426 quisquis
428 1342 470 1409 ito
487 1341 629 1427 Judimt,
672 1356 708 1406 ut
728 1341 882 1411 sermonis
901 1344 998 1429 hujus
1026 1347 1192 1430 perhibem
1308 1356 1312 1362 '

258 1475 415 1528 auctores.
479 1458 577 1544 Quod
604 1459 633 1525 si
666 1458 760 1541 quis,
798 1460 979 1547 hujusmodi
1010 1461 1190 1533 nemmem

258 1589 394 1658 nauus,
435 1574 513 1642 velit
541 1575 580 1640 ab
613 1575 766 1662 injustitia
795 1578 953 1647 abstinete
986 1597 1090 1666 neque
1117 1582 1191 1650 elie·

256 1713 296 1762 na
322 1706 452 1778 tangat,
494 1689 726 1761 infelicissimus
766 1695 906 1765 omnium
948 1713 979 1766 et
1018 1699 1187 1769 stolidissi·

255 1832 326 1880 mus
355 1811 441 1897 apud
472 1828 552 1892 tos,
573 1811 631 1894 qui
663 1812 723 1877 hoc
754 1813 973 1898 adsumerent,
1003 1831 1186 1902 putareturr

253 1931 413 1997 laudarent
442 1943 544 1993 nmen
576 1927 664 1993 illurn
702 1930 828 2013 palam,
872 1932 1012 1999 vicissim
1054 1953 1090 2000 se
1133 1936 1190 2003 de·

252 2044 428 2130 tipientes,
461 2042 694 2127 quiamxine
714 2043 847 2127 timont,
877 2063 918 2115 ne
940 2044 1112 2117 rffieiantur
1138 2053 1188 2118 in·

252 2163 346 2250 juria.
388 2161 497 2245 Atque
523 2161 598 2228 baec
628 2160 754 2244 quidem
774 2160 818 2228 itt
845 2162 912 2231 sint
935 2164 1039 2235 dicta·
1075 2166 1184 2236 Vitam

253 2268 332 2348 vero
366 2279 554 2362 utriusque,
604 2278 683 2364 Justi
715 2276 860 2344 videlicet
890 2259 923 2348 et
953 2282 1090 2370 injusti,
1140 2285 1185 2354 ita

253 2400 346 2489 plane
376 2396 642 2485 dijudicabimus,
677 2396 704 2461 si
729 2395 939 2481 justissimum
968 2399 1070 2469 vuum
1098 2420 1186 2470 seon

253 2534 322 2582 sum
354 2530 386 2582 et
413 2511 652 2601 injustissimum
688 2510 944 2581 distinxerimus:
987 2517 1078 2584 aliter
1105 2538 1182 2587 vero

248 2651 461 2717 nequaquam.
527 2629 575 2696 Sit
598 2642 701 2693 autern
731 2628 806 2695 haec
835 2629 986 2699 discretio
1019 2631 1114 2714 tulis,
1146 2649 1184 2700 nt

251 2751 331 2819 nihil
356 2747 533 2817 auferamus
574 2743 746 2830 injustitiae
779 2745 818 2811 ab
846 2745 986 2831 injusto,
1026 2749 1084 2815 sed
1112 2768 1183 2833 per·

251 2863 368 2934 fectum
399 2864 569 2955 utrumque
595 2861 718 2961 inflsuo
746 2862 855 2935 studio
886 2880 1052 2947 ponamus.
1117 2867 1185 2934 Pri·

250 3003 336 3051 mum
369 2983 466 3067 igitur
496 2983 655 3069 injustus,
700 2996 848 3065 tanquam
885 2981 997 3065 optimi
1025 2983 1184 3070 artifices,

248 3097 360 3166 faciat:
387 3099 646 3180 quemadmodum
667 3101 857 3184 gubernator
879 3119 1022 3169 summus
1043 3105 1094 3171 aei
1120 3125 1185 3173 me·

180 3216 187 3223 '
251 3215 363 3295 dicus,
393 3231 472 3297 quae
501 3228 568 3280 arte
596 3234 654 3281 sua
674 3216 791 3284 confici
810 3216 937 3301 possint
956 3234 988 3284 et
1016 3239 1095 3303 quae
1118 3240 1184 3290 non

250 3331 398 3418 possint,
426 3328 547 3411 sentit,
586 3348 619 3396 et
658 3330 711 3397 illa
741 3332 943 3417 aggreditur,
977 3334 1053 3402 haec
1090 3340 1185 3427 relitt-

167 3496 171 3507 .
251 3446 342 3532 quit,
354 3461 385 3514 et
405 3446 433 3513 si
454 3465 517 3531 qua
537 3461 692 3530 praeterea
707 3447 739 3512 in
759 3449 1009 3535 repensaverit,
1028 3454 1186 3537 corrigere

249 3581 380 3651 potest,
407 3564 449 3631 ita
477 3580 509 3630 et
536 3563 674 3649 injustus
711 3578 795 3629 recte
822 3563 949 3649 iniurias
977 3571 1182 3654 aggrediens,

248 3685 359 3762 lateat,
391 3683 418 3750 si
452 3681 581 3748 maxime
613 3683 750 3767 injustus
783 3677 910 3751 futurus
937 3701 1004 3753 est:
1047 3699 1183 3753 extrema

251 3800 332 3868 enim
351 3799 503 3886 injustitia
530 3817 603 3882 est,
633 3802 755 3885 justum
784 3802 882 3869 videti
906 3821 1001 3882 eutn,
1031 3803 1087 3883 qni
1118 3823 1184 3872 non

251 3919 293 3984 sit
319 3920 444 4001 justus:
491 3918 589 3983 danda
616 3934 663 3984 est
696 3917 792 4002 igitur
816 3917 1023 4004 injustissimo
1051 3933 1184 3990 extrema

224 4031 426 4118 iniustitia,
474 4052 576 4118 neque
606 4034 794 4120 auferenda,
837 4035 892 4103 sed
920 4036 1185 4129 permittendum,

1155 4175 1190 4227 ut
