2896 5168
739 481 913 548 -sa-

363 659 411 712 est
431 644 543 726 nobis,
564 646 629 728 quo
650 661 681 711 et
703 645 764 728 ipsi
787 644 937 711 ab'initin
955 643 1140 712 tetendimus
1164 644 1306 711 etddir:

364 777 486 831 mantus
512 779 572 827 nos
598 761 744 845 deinceps
770 761 907 843 itemque
928 760 1053 826 Glauco
1081 758 1216 842 propius
1242 763 1307 827 adm:

362 878 474 957 duxit,
494 892 550 958 ut,
572 877 650 957 quid
669 878 702 943 in
724 877 828 943 animo
848 894 960 943 nostro
979 876 1100 960 justitia
1119 877 1181 956 sit,
1204 877 1306 958 qnid-r

364 1012 427 1076 que
448 992 511 1059 illic
534 1011 677 1076 praesens
696 994 728 1057 in
748 1012 808 1059 nos
827 993 957 1071 efficiat,
980 993 1185 1058 attendamus.
1229 992 1306 1060 Cu„

361 1109 480 1195 iusrei
500 1128 585 1191 ⁴quae
608 1109 650 1173 sit
674 1124 706 1172 et
734 1125 849 1190 quanta
873 1128 943 1173 curn
966 1106 1099 1188 gravitas
1124 1122 1191 1172 tum
1210 1107 1307 1172 diffi·:

362 1228 485 1305 cultas,
506 1226 631 1308 penitus
648 1224 788 1308 percepit
804 1225 903 1290 Plato.
947 1224 1125 1299 Socratem,
1147 1239 1184 1288 ut
1205 1223 1308 1298 tinem·⁴
1340 1220 1346 1231 ’

366 1343 537 1410 disserendi
558 1356 690 1423 uterque
708 1340 833 1425 juvenis
855 1338 952 1420 fecit,
984 1339 1031 1405 sic
1054 1340 1310 1420 eos.alloqnen-,
1375 1413 1380 1421 ,

368 1473 430 1524 tem
448 1456 583 1524 induxit.
646 1455 723 1523 Non
754 1457 831 1521 male
852 1455 893 1521 in
924 1475 1004 1535 vos,
1038 1454 1092 1521 filii
1116 1455 1199 1520 iliius
1220 1455 1309 1536 viri..

370 1573 559 1660 principium
591 1575 747 1657 elegorum
779 1573 949 1639 carminum
984 1587 1102 1654 amator
1127 1570 1301 1638 Glaucnnis
1343 1566 1346 1574 ’

369 1690 515 1775 scripsit:
561 1689 639 1771 qui,
669 1707 740 1754 cunr
769 1692 801 1754 in
833 1689 1010 1775 Megarensi
1034 1690 1154 1773 proelio
1178 1687 1309 1756 fortiter.

370 1805 627 1891 pugnavissetis,
649 1805 728 1873 illud
750 1807 935 1889 usurpavit:

398 1952 401 1957 Ι
456 1989 562 2064 παῖδες
578 1931 759 2073 Ἀρίνωννς;
776 1992 889 2055 κλεινοῦ
909 1988 981 2056 θεῖον
1001 1987 1086 2065 γένος
1106 1987 1232 2093 νὶνδρδς..Ι
1277 1947 1310 1980 ’¹

369 2153 435 2239 filii
464 2153 645 2235 Aristonis,
687 2157 798 2241 inclyti
829 2157 895 2220 uiri
925 2152 1066 2219 diuinum
1090 2172 1205 2237 ¹genas.
1268 2151 1305 2219 Id

375 2270 472 2354 mihi,
492 2271 605 2352 amici,
626 2287 709 2338 recte
727 2271 844 2338 dictum
863 2269 998 2336 videtur.
1061 2268 1144 2336 Nam
1168 2268 1314 2336 divinum
1404 2295 1409 2301 ·

376 2389 467 2470 plane
485 2387 579 2453 vobis
600 2386 736 2468 accidit,
758 2388 786 2452 si
807 2386 899 2453 vobis
917 2404 982 2453 non
1001 2385 1237 2469 persuaseritis,
1260 2386 1312 2453 in·

374 2504 527 2589 justitiam
552 2502 696 2588 justitiae
719 2519 895 2584 praestare,
927 2521 998 2569 cum
1028 2501 1076 2567 sic
1098 2522 1157 2585 pro
1182 2503 1235 2569 illa
1260 2503 1311 2570 di·
1419 2517 1423 2524 ’

376 2638 452 2687 cere.
466 2621 611 2706 possitis.
668 2619 826 2686 Videmlni
855 2634 956 2684 autem
987 2617 1064 2683 mihi
1091 2618 1124 2683 id
1152 2619 1310 2685 vobismet

375 2736 457 2819 ipsis
484 2754 548 2804 non
570 2737 782 2822 persuasisse:
835 2738 1042 2819 conjecturam
1073 2736 1163 2818 capio
1191 2755 1208 2801 e
1238 2756 1313 2802 veru
1343 2729 1360 2745 ”

376 2854 435 2920 tris
453 2855 616 2921 moribus:
660 2856 808 2936 quoniam
826 2853 996 2917 secundum
1017 2855 1188 2918 orationem
1210 2853 1313 2936 ipsam

379 2971 472 3037 vobis
495 2971 621 3037 minime
647 2971 859 3037 credidissem.
907 2970 982 3055 Quo
1005 2985 1107 3035 autern
1129 2968 1227 3054 magis
1247 2989 1315 3036 cre·

379 3084 443 3167 do,
474 3104 513 3150 en
535 3085 655 3168 magis,
685 3105 751 3167 quo
782 3066 995 3164 neverum,
1028 3086 1163 3169 ambigo.
1229 3086 1312 3152 Nam

380 3199 541 3283 quomodo
562 3200 726 3282 adjuvem,
747 3202 876 3267 nescio:
897 3200 1007 3264 videor
1026 3202 1106 3264 enim
1122 3219 1187 3266 non
1202 3220 1314 3284 posse:

382 3334 487 3396 neque
504 3332 635 3392 rursus,
658 3317 818 3392 quomodo
838 3334 1015 3380 succurram
1035 3312 1178 3383 invenior
1201 3322 1317 3389 δέδοικα

385 3436 467 3518 γὰρ,
484 3437 528 3513 uir
550 3434 609 3500 οὐδ’
624 3430 699 3499 ὅσιον
719 3432 737 3513 ἦ
754 3433 993 3513 παραγενόμενον
1006 3434 1169 3516 δικαιοσύνη
1187 3459 1319 3514 menna·

388 3550 511 3634 ρννμένῃ
539 3549 757 3629 ἀπαγορεύειν.
791 3547 841 3613 uei
867 3549 910 3628 peis
934 3549 1063 3628 βοηθεῖν,
1086 3550 1130 3619 ἔτι
1154 3552 1322 3633 ἐμπνέοντα

388 3665 440 3731 καὶ
458 3665 621 3746 Ιδυνάμενον
641 3664 841 3744 φθέγγεσθαι·
884 3680 992 3724 uereor
1009 3667 1108 3744 eninr,
1130 3685 1168 3728 ne
1189 3668 1320 3752 impium

387 3782 454 3859 sie,
493 3791 552 3856 ut,
594 3779 650 3861 qai
669 3777 833 3855 justitiam
862 3796 966 3840 coram
998 3782 1178 3866 vituperari
1207 3779 1322 3864 audit,

388 3891 624 3975 sreburfngrat:
645 3912 698 3954 nce
716 3908 776 3976 pro
802 3891 865 3973 ejus
885 3889 1056 3973 defensione
1076 3894 1171 3958 rerba
1188 3895 1322 3976 faciat,

390 4003 543 4092 qrramdiu
564 4010 688 4093 spirare
708 4022 737 4070 et
756 4006 840 4090 loqui
853 4007 1053 4084 conceditur:
1073 4021 1215 4091 praestat:
1229 4010 1326 4095 igitur

1258 4146 1323 4193 eam
