2896 5168
831 487 875 509 ..
901 462 1025 540 ¹7⁸·-

804 753 1067 836 Imaginem,

531 870 690 961 'quibus
721 873 858 936 animi
889 884 1093 934 naturam
1124 874 1337 957 expressit

722 986 864 1066 Plato,
894 987 1150 1072 conjunctio.

512 1218 616 1288 Abest
633 1236 762 1302 parum,
782 1218 861 1301 quin
878 1220 1056 1301 adplenum
1068 1220 1408 1303 gravissimaecaussae

467 1337 640 1423 judicium,
666 1354 746 1417 quae
760 1335 900 1419 justitiae
922 1336 1019 1402 sitae
1039 1334 1198 1402 felicitatis
1218 1338 1317 1418 ratio,
1336 1354 1409 1420 per·

471 1453 660 1521 venerimus.
693 1453 887 1536 Quamquam
910 1468 1029 1534 restat,
1051 1455 1139 1534 quod
1159 1470 1234 1519 sane
1256 1473 1407 1536 perquem

473 1586 521 1640 est
540 1589 652 1654 grave,
675 1583 711 1633 ιιι
735 1568 774 1633 de
795 1566 901 1636 futura
919 1569 996 1653 justi
1015 1569 1075 1635 viri
1095 1584 1190 1651 arque
1209 1570 1409 1652 injustissimi

471 1705 548 1775 post
578 1703 711 1754 mortem
743 1687 926 1753 conditione
953 1687 1168 1771 dispiciamus.
1223 1688 1307 1768 sed,
1337 1706 1406 1769 quo

474 1807 591 1874 rectius
612 1820 645 1871 et
664 1806 703 1871 de
722 1804 852 1869 caeteris
875 1803 1024 1871 omnibus
1051 1821 1081 1870 et
1101 1806 1162 1870 hoc
1185 1806 1275 1869 etiam
1300 1805 1339 1870 de
1359 1807 1410 1872 lo-

473 1941 536 2006 co,
564 1923 620 2004 qui
644 1935 694 1987 est
718 1922 757 1988 de
780 1921 953 1987 animorum
971 1921 1226 2000 immortalitate,
1248 1920 1409 1989 existime-

360 2042 366 2065 '
473 2059 568 2119 mus,
599 2040 717 2106 efficere
744 2058 781 2105 ex
805 2038 890 2104 omni
909 2039 967 2103 hac
988 2041 1097 2103 nostri
1114 2039 1152 2103 de
1171 2038 1274 2103 animo
1295 2038 1408 2120 dispu-

474 2156 617 2238 tatione,
641 2174 720 2238 qnae
751 2157 817 2240 ejus
837 2170 947 2220 natura
968 2155 1034 2234 sit,
1055 2155 1156 2237 juvat.
1200 2154 1410 2238 comparavit

475 2274 610 2341 animum
631 2273 740 2354 Plato,
760 2286 797 2338 ut
816 2273 855 2338 ab
874 2272 966 2337 initio
985 2271 1141 2355 vidimus,
1161 2273 1204 2344 (¹)
1223 2271 1295 2339 curn
1307 2291 1413 2354 equo·

475 2410 545 2456 rum
572 2394 651 2476 jugo
689 2391 734 2455 ab.
760 2389 867 2471 aurigd
903 2389 1098 2472 gubernato:
1136 2388 1212 2455 fecit
1240 2405 1342 2456 autem
1374 2389 1412 2457 in

472 2506 640 2590 Phaedro,
664 2527 758 2588 quern
779 2507 928 2591 iuvenis,
958 2522 1040 2572 certe
1061 2527 1168 2589 parum
1192 2523 1340 2589 provecta
1359 2527 1435 2579 w.

474 2640 538 2690 tate
556 2639 588 2689 et
605 2624 737 2710 juvenili
755 2625 864 2690 ardore
879 2624 1017 2706 scripsit.
1049 2626 1210 2692 Poetarum
1228 2624 1261 2688 in
1278 2625 1411 2700 modurn

476 2741 539 2807 illie
562 2742 601 2806 de
620 2744 725 2807 animo
746 2760 864 2824 agens,
887 2742 1037 2809 rationem
1064 2742 1210 2825 aurigae,
1239 2741 1323 2809 binis
1349 2762 1411 2813 au·

473 2873 534 2923 tern
566 2857 658 2939 equis
689 2858 844 2941 duplicem
872 2877 1007 2924 amorem
1035 2860 1241 2943 comparavit.
1291 2862 1413 2930 Pariter

473 2992 586 3055 nempe
618 2975 837 3055 Parmenides,
880 2980 971 3059 poeta
1001 2977 1081 3042 idem
1122 2993 1153 3042 et
1194 2979 1410 3063 philosophus

474 3090 638 3170 sublimis,
659 3111 810 3172 equorum
830 3092 935 3158 fuerat
951 3093 983 3159 in
1001 3094 1254 3176 philosophando
1273 3094 1411 3178 imagine

475 3225 566 3273 usus.
610 3209 762 3273 Nondum
785 3228 861 3274 vero
888 3212 963 3275 satis
989 3227 1086 3276 aetate
1112 3213 1164 3279 illa
1187 3214 1275 3279 Plato
1297 3218 1332 3284 al
1354 3217 1409 3285 ie·

474 3330 604 3408 μιειδὲς,
628 3326 714 3406 quod
733 3343 796 3389 non
819 3326 922 3391 minus
942 3327 1058 3409 nobis,
1083 3351 1174 3412 quam
1196 3331 1275 3396 ratio
1295 3345 1326 3395 et
1346 3350 1407 3400 cu-

473 3443 643 3526 piditates,
682 3443 786 3521 inest,
820 3458 851 3507 et
884 3444 1000 3525 pariter
1033 3467 1050 3511 a
1085 3448 1275 3530 philosopho
1300 3462 1407 3519 utten-

472 3562 604 3625 dendum
638 3574 711 3640 esc,
743 3559 956 3642 exploravisse
985 3562 1120 3628 videtur.
1163 3565 1280 3630 Deesse
1303 3563 1406 3646 igitur

470 3677 694 3759 comparationi
720 3678 881 3755 videatur,
915 3680 1000 3758 quod
1028 3681 1066 3744 ad
1097 3695 1179 3749 recte
1207 3699 1407 3762 cognoscen-

471 3795 538 3859 dam
561 3794 655 3859 animi
678 3808 816 3860 naturam
840 3794 1044 3874 requiramus.
1078 3799 1216 3880 Verum,
1236 3803 1405 3882 perspecti

893 3916 897 3926 “
1326 3915 1403 3982 hac·

504 4069 545 4136 (t)
566 4066 602 4120 V.
619 4086 698 4135 supra
714 4086 743 4136 p.
755 4085 797 4119 at.
