2896 5168
661 471 861 532 -161—

298 663 393 729 porro
419 663 477 712 ant
508 644 659 711 adulatus
686 662 744 710 aut
775 646 953 713 admiratus
970 651 1140 726 fortunam
1161 664 1227 714 som

301 763 456 841 alterius,
479 777 515 826 at
541 781 590 824 rne
618 781 702 825 mccc
726 765 908 848 poeniteret.
952 759 992 825 ld
1018 764 1097 825 enine
1127 767 1227 850 ipsam

246 908 266 935 0.
302 899 324 941 a
343 877 477 942 Platone
493 877 743 965 philosophiaque
762 875 957 957 didiceram,
985 878 1149 944 naturales
1169 900 1231 945 essc

302 992 453 1080 quasdam
464 997 669 1060 conversiones
682 1014 790 1058 rernm
800 995 1024 1080 publicarum,
1045 1009 1081 1060 at
1095 1015 1150 1059 cae
1161 1010 1228 1061 tanc

302 1128 324 1172 a
336 1108 531 1195 principibus
551 1124 755 1191 tenerentur,
777 1125 843 1175 tam
862 1112 1033 1199 apopalis,
1055 1110 1229 1199 aliquando

303 1244 325 1287 a
345 1227 487 1310 singolis.
511 1223 552 1294 (¹)
595 1227 658 1292 Sed
676 1227 751 1292 satis
767 1228 841 1293 haec
857 1229 895 1293 de
913 1227 1084 1310 tyrannidis
1096 1229 1227 1310 origine.

307 1341 549 1424 Disquirendum
583 1342 621 1407 de
659 1344 728 1426 ipsa
761 1346 817 1408 hac
848 1344 982 1426 pessima
1012 1360 1060 1409 est
1091 1344 1228 1413 civitatis

302 1458 491 1525 conditione.

596 1692 655 1755 De
687 1692 934 1774 tyrannide.

348 1923 405 1989 Uti
435 1922 465 1986 in
496 1923 553 1986 hac
582 1920 701 1986 infinita
729 1922 867 1986 omnium
894 1920 1017 1986 licentia
1043 1923 1228 2000 calumniae,

304 2041 536 2119 accusationes,
561 2039 629 2104 lites
655 2057 691 2103 ac
717 2039 932 2103 contentiones
962 2037 1125 2119 oriuntur,
1152 2054 1229 2103 con·

302 2157 404 2223 suevit
424 2159 562 2238 populus
579 2147 675 2220 unum
691 2155 823 2237 aliquem
837 2155 887 2219 sui
899 2151 1092 2219 defensorem
1106 2173 1227 2234 creare,

252 2299 256 2306 ·
302 2289 436 2352 eumque
457 2288 491 2337 ut
512 2287 699 2337 servatorem
728 2274 872 2352 landate,
902 2271 1027 2353 sibique
1049 2269 1225 2354 praeficere.
1299 2260 1304 2271 ’

304 2387 429 2453 Accidit
452 2403 577 2468 autent,
598 2404 634 2452 ut
656 2389 683 2452 ia
707 2390 840 2472 primum
871 2389 994 2469 quidem
1025 2388 1127 2453 faveat
1153 2389 1227 2454 arri·

301 2506 432 2585 dentque
464 2504 607 2584 cunctis,
639 2504 749 2568 deinde
781 2524 880 2584 vero,
911 2520 945 2568 ut
967 2503 1148 2571 abluentis
1168 2505 1226 2570 ini·

301 2623 450 2687 micorum
487 2637 575 2685 tutus
609 2620 670 2698 sit,
709 2622 856 2685 custodes
887 2621 1043 2699 quosdam
1083 2620 1225 2702 corporis

301 2751 447 2818 expetat,
468 2752 503 2798 ut
523 2736 628 2800 salvus
651 2721 728 2815 ipsis
751 2734 792 2798 sit
812 2734 922 2816 populi
942 2733 1120 2800 auxiliator.
1137 2737 1226 2802 Dant

299 2867 400 2918 autem
430 2851 496 2932 illi,
523 2852 674 2924 δείσαντες
694 2853 751 2932 μὲν
779 2848 851 2932 ὅπερ
880 2854 1004 2926 iuelooo.
1035 2853 1224 2936 laliloaoret

300 2973 330 3036 δὲ
352 2966 424 3049 ὅπερ
444 2972 578 3043 ἑαυτῶν,
601 2962 639 3030 de
658 2964 713 3028 illo
733 2965 878 3046 solliciti,
905 2964 943 3030 dc
962 2982 1053 3032 senet
1072 2971 1147 3055 ipsis
1167 2989 1227 3036 aa·

298 3097 358 3147 tem
391 3084 503 3146 scauri.
557 3081 611 3146 llle
647 3079 741 3158 vero,
776 3099 841 3163 quo
878 3084 975 3164 magis
1012 3084 1223 3152 auctoritatem

302 3211 473 3276 sustentet,
505 3196 583 3262 bella
607 3197 671 3262 fere
693 3213 824 3279 movet,
843 3216 877 3264 ut
906 3200 984 3265 duee
1011 3218 1106 3284 atque
1128 3204 1227 3288 impe·

300 3330 402 3378 rasore
420 3315 559 3397 populus
579 3314 724 3396 indigeat.
756 3317 852 3381 Porro
873 3320 1029 3385 attendere
1042 3339 1110 3385 eum
1130 3340 1227 3405 opor·

292 3443 366 3509 tet,
387 3431 457 3509 quis
478 3429 509 3494 in
529 3431 653 3497 civitate
674 3429 789 3512 fortis,
807 3432 877 3511 quis
899 3435 1135 3517 magnanimus,
1154 3439 1226 3519 quis

300 3547 459 3629 prudens,
483 3546 554 3625 quis
574 3547 661 3612 dives
687 3549 741 3613 sit.
787 3549 857 3613 Hos
878 3551 995 3615 scilicet
1014 3553 1147 3632 metuit,
1169 3571 1227 3618 nec

300 3662 380 3727 vivit
403 3661 591 3741 tranquille,
612 3665 710 3728 donec
733 3665 896 3730 universos
915 3668 1129 3734 summoverit.
1162 3669 1227 3735 Ta-

298 3779 337 3843 lis
371 3776 547 3844 felicissima
576 3792 624 3844 est
655 3779 705 3844 illa
725 3780 861 3847 civitatis
883 3783 1042 3865 condida,
1072 3804 1150 3867 quae
1178 3802 1229 3868 ty·

1159 3919 1226 3964 ran·

332 4036 372 4106 (t)
392 4040 435 4089 De
452 4040 541 4094 Diria
559 4038 598 4092 ll.
616 4055 642 4090 a.

746 4140 775 4204 L
