2896 5168
437 532 439 537 ,
512 498 568 530 -·
581 463 649 559 ιὀς
663 494 716 528 -·

153 662 191 723 ut
211 639 280 722 noh·
293 655 333 726 ab
353 643 584 740 hypothesibus
602 653 848 740 daemonas,
869 655 927 724 sed
939 648 980 725 cd
998 655 1099 742 prin-'2

156 773 237 859 cipis
256 774 418 841 tendamus
438 773 620 843 timidam.
662 770 699 837 ld
718 772 811 853 quale
835 771 902 854 slt,
925 790 946 840 e
964 773 1097 840 mechom

151 889 215 970 do,
236 907 299 969 qua
310 906 389 952 usus
406 884 619 968 philosophus
635 899 706 967 est,
727 906 821 972 supra
835 887 1001 955 docuimus
1016 889 1098 957 loe·

152 1022 237 1071 nunc
269 1001 531 1084 quemadmodum
563 1001 625 1085 ipsi
656 1001 899 1088 philosophiae,
929 1006 972 1072 ad
995 1005 1087 1088 veri,

153 1124 246 1190 αὐτοῦ
260 1126 314 1190 τοῦ
333 1114 589 1195 inuenientium
610 1118 855 1201 assequendam,
876 1121 1095 1189 adhibendum

153 1234 218 1317 sit,
261 1223 427 1316 exquirere
455 1246 594 1317 oportet.
647 1233 732 1301 Nam
765 1238 972 1322 metaphysici
996 1238 1086 1322 fere,

154 1350 351 1432 quamvisiu
381 1349 504 1417 caussis
528 1350 731 1449 exquirendis
752 1352 792 1419 ad
819 1353 964 1420 sublimia
984 1355 1092 1423 onnia

151 1467 399 1545 contenderent,
431 1464 463 1530 in
485 1464 555 1548 lpsd
576 1479 679 1533 tarnen
702 1466 947 1554 philosophandi
966 1471 1094 1541 ratione

151 1581 191 1647 ab
216 1581 333 1648 ultimis
362 1580 525 1665 principiis
550 1582 799 1678 descenderunt:
831 1589 921 1669 quod
946 1587 1093 1673 philoso-

151 1696 242 1781 phari
269 1717 292 1763 a
318 1699 424 1785 priori
448 1695 604 1764 vocabant
633 1696 693 1764 (a),
735 1698 773 1764 In
795 1700 889 1768 rebus
919 1704 1088 1789 physicis,

152 1815 265 1878 caussa
291 1812 431 1878 omnium
460 1815 607 1896 reperti,
636 1813 711 1881 indo
735 1815 849 1882 ducere
874 1814 1088 1886 ratiocinando

153 1927 257 1995 omnia
286 1929 451 2001 solebant,
503 1929 552 2000 In.
576 1929 798 2015 metaphysicis
830 1943 961 2014 autem,
1007 1950 1091 2016 quae

151 2046 331 2128 vocabant,
362 2045 529 2113 tractandis
560 2047 599 2112 ad
626 2048 730 2114 Deum
766 2045 835 2114 fere
864 2048 1091 2132 perveniebant

154 2177 293 2246 sponte,
332 2161 492 2245 indeque,
527 2181 546 2228 a
580 2162 704 2228 divim
736 2176 867 2231 naturae
892 2162 1089 2248 perfectione

154 2267 400 2360 descendentes,
436 2296 642 2360 quaecunque
672 2277 794 2360 exquiri
822 2281 855 2344 in
880 2280 1088 2364 philosophia

154 2395 282 2476 solent,
313 2394 519 2481 explicabant.
567 2394 659 2462 Unde
679 2397 790 2484 prima
821 2394 875 2463 illa
903 2396 1087 2466 Aristotelis

151 2512 344 2601 philosophia
371 2511 510 2595 abipso
528 2513 592 2598 ¹janr
620 2514 789 2600 theologias
808 2513 938 2581 nomine
962 2531 1087 2582 nuncu·

153 2641 226 2712 pata
255 2642 317 2694 est.
372 2629 591 2697 Conveniebat
627 2630 702 2704 haec
730 2629 976 2716 philosophandi
1004 2630 1085 2701 ratio

154 2744 280 2813 illorum
301 2748 429 2813 studiis
442 2747 729 2833 philosophorum,
753 2747 840 2830 qui,
861 2762 898 2816 ut
926 2748 1086 2816 Aristote-

153 2865 225 2945 les,
257 2865 639 2947 sapientiaedoctrinam,
670 2866 734 2932 imo
760 2865 896 2934 divinam
924 2865 1085 2936 scientiam

153 2978 331 3061 traderent3
352 2980 493 3059 Platoni,
516 2980 572 3059 qui
598 2979 880 3062 philosophando,
910 2995 947 3046 ut
975 2981 1086 3051 Socra·

154 3106 228 3179 tes,
248 3096 274 3164 i.
293 3114 324 3163 e.
345 3095 522 3177 quaerenda
544 3091 707 3177 sapientia
722 3106 893 3160 contentus
907 3108 995 3177 erat,
1015 3114 1083 3162 non

1005 3227 1084 3279 con·

113 3435 117 3442 ¹
189 3423 230 3494 (1)
247 3392 315 3478 uos.
333 3422 374 3477 11.
392 3419 423 3475 a.
439 3435 466 3474 2.
482 3437 511 3489 p.
528 3417 665 3491 7su17s.

192 3524 233 3593 (s)
254 3521 432 3577 Aristotelem
448 3518 567 3572 studium
599 3513 788 3585 philosophiae
811 3516 879 3569 hanc
902 3512 993 3567 madio
1017 3527 1086 3571 aevo

155 3620 274 3690 protulit
301 3620 416 3672 barbare
446 3616 486 3672 sic
505 3621 685 3683 nuncupatam
710 3631 730 3666 a
752 3614 849 3686 priori
870 3612 1085 3686 philosophiam.

155 3722 249 3791 Longa
266 3719 317 3772 alia
334 3726 395 3784 est,
414 3733 483 3788 quae
502 3715 546 3768 illi
565 3711 779 3768 eodamnomine
795 3694 922 3767 masada
945 3714 1087 3784 superiore

153 3821 283 3884 samario,
302 3837 333 3872 ac
350 3816 505 3870 Platonicae
518 3812 718 3884 congruentior.
750 3812 823 3865 ilaec
835 3811 923 3882 qualis
933 3812 991 3878 sis,
1008 3810 1084 3865 dein·

154 3919 218 3986 'ceps
245 3921 298 3970 erit
323 3912 546 3985 significandum
575 3927 671 3976 nune,
687 3926 723 3963 na
745 3927 806 3966 eun
837 3910 1004 3969 ausurum
1026 3928 1087 3971 ean

155 4017 399 4081 confunderemus,
416 4014 501 4076 rerho
522 4010 574 4067 hoc
592 4011 727 4069 montuoso
742 4008 879 4083 suumn·
