2896 5168
638 450 808 508 ⁵24..

611 619 678 702 ⁴De
709 637 821 703 ideis

419 760 464 820 in
488 752 774 840 philosophia
806 753 1019 825 Platonis.
1086 838 1090 847 .

295 953 481 1023 Verecunde
497 955 731 1039 prudenterque
746 959 852 1037 Plato,
875 972 910 1023 ut
931 959 1086 1040 vidimus,
1106 961 1185 1028 banc
1296 970 1304 983 ‘

252 1069 388 1141 hominis
417 1070 449 1135 in
478 1073 628 1136 mundum
656 1074 882 1157 intelligibilem
903 1075 1115 1143 escensionem
1132 1079 1188 1144 de·

251 1190 367 1254 clame
385 1186 535 1254 instituit·
579 1195 660 1266 Θεὸς
684 1195 715 1260 δέ
743 1217 799 1260 arou
827 1189 921 1268 οἶδεν,
954 1191 1022 1273 ait,
1057 1199 1082 1262 al
1108 1199 1186 1273 aiun-

255 1307 306 1383 she
331 1303 405 1374 odra
431 1321 597 1389 τυγχανει·
618 1333 661 1374 ra
687 1309 704 1373 δ
741 1331 787 1375 ουν
818 1307 883 1386 ἐμοὶ
907 1308 1075 1391 Quasdam
1109 1308 1183 1377 οὕτω

253 1424 397 1508 Φαίνεται
419 1420 463 1485 (¹³.
516 1420 617 1505 Quam
653 1419 846 1502 prudentiam
881 1421 940 1486 nisi
970 1421 1086 1504 pariter
1112 1441 1185 1488 cum

253 1536 304 1603 hls
331 1535 546 1619 explicandis,
569 1548 634 1599 tum
667 1535 698 1600 in
732 1536 841 1621 primis
868 1537 1003 1604 idearum
1032 1539 1188 1623 perquisi-

252 1653 335 1719 tloni
364 1650 540 1719 adhibuerit
574 1652 751 1735 interpres,
796 1656 889 1736 longe
927 1655 953 1721 is
992 1654 1139 1736 profecto
1168 1675 1185 1722 a

250 1769 389 1839 Platonis
408 1786 512 1835 mente
537 1784 568 1834 et
590 1771 725 1835 consilio
744 1772 910 1837 aberrabit.
953 1772 1187 1857 Quaesiverunt

254 1887 339 1951 omni
367 1905 446 1952 aevo
477 1886 662 1968 philosophi
684 1889 723 1951 de
743 1888 819 1952 ideis
844 1889 1005 1969 Platonis,
1036 1908 1186 1971 quaenam
1218 1926 1221 1935 ·
1285 1895 1294 1905 ’

255 2000 388 2066 maxime
414 2015 543 2076 essent,
566 2000 668 2083 ipsine
701 2019 806 2066 essent
835 2004 953 2069 homini
980 2007 1124 2089 propriae
1141 2007 1189 2072 in·
1254 2060 1259 2073 ,

255 2133 432 2199 nataeque,
474 2135 513 2181 on
542 2131 628 2181 extra
654 2135 725 2181 eum
756 2117 896 2200 positae:
941 2120 968 2183 si
997 2137 1082 2187 extra
1115 2141 1186 2189 eum

253 2244 381 2314 essent,
404 2234 457 2300 ubi
486 2235 608 2299 tandem
630 2235 771 2300 locorum
797 2237 1080 2320 conspicerentur,
1101 2238 1189 2305 simi·

254 2353 295 2418 lia
324 2351 401 2417 alia:
446 2369 527 2434 quae
564 2350 609 2415 sic
650 2351 804 2434 explicare
841 2355 932 2418 multi
972 2334 1187 2438 studuerunt,

259 2468 352 2552 quasi
382 2468 457 2550 ipse
477 2486 511 2532 ca
542 2469 631 2532 Plato
664 2484 695 2532 ct
718 2471 811 2549 plane
838 2468 999 2533 habuisset
1028 2487 1190 2551 perspecta

255 2599 289 2651 et
313 2587 406 2666 plene
431 2582 583 2665 explicare
603 2583 774 2665 potuisset.
818 2583 854 2647 Id
871 2583 898 2648 si
917 2584 1098 2668 potuisset,
1121 2604 1185 2652 uon

255 2717 332 2766 sane
360 2717 438 2764 usus
468 2697 520 2762 ille
548 2698 755 2782 imaginibus,
779 2713 814 2763 ut
845 2700 920 2766 haec
952 2718 1000 2766 est
1021 2705 1188 2784 speluncae

257 2816 383 2900 imago,
417 2815 447 2880 in
476 2814 515 2879 iis
543 2816 734 2898 explicandis
762 2814 901 2898 fuisset,
934 2818 988 2883 sed
1011 2820 1119 2902 paucis
1149 2842 1185 2889 ea

170 2927 189 3005 ζ
257 2932 388 3015 verbis,
410 2931 478 2998 sine
496 2931 570 2997 ullis
590 2932 792 3016 amhagibus,
815 2933 1011 3002 declarasset.
1056 2938 1113 3005 Ille
1133 2958 1188 3006 ve·

155 3069 159 3076 ·
259 3071 296 3118 ro
319 3050 472 3118 derebus
497 3050 582 3114 hisce
609 3049 820 3131 sublimibus,
852 3072 931 3134 quae
952 3055 1063 3137 optimi
1083 3058 1190 3140 cujus.

259 3188 324 3254 que
350 3167 534 3252 philosophi
564 3165 644 3229 ratio
663 3183 736 3241 est,
758 3169 909 3250 suspicari
929 3172 1024 3235 multa
1046 3186 1078 3237 et
1098 3173 1189 3253 quasi

162 3261 170 3278 ’
239 3262 425 3370 ¹augurari,
463 3282 621 3348 vaticinari
656 3285 801 3362 solebat,
836 3303 915 3363 quae
946 3287 1188 3367 argumentando

210 3408 213 3414 '
258 3400 488 3479 demonstrari,
532 3412 568 3462 ut
592 3400 879 3466 mathematicorum
910 3398 1061 3481 inventa,
1099 3403 1188 3469 nullo

260 3516 356 3583 modo
389 3527 534 3597 possent.
598 3513 634 3577 ln
666 3515 811 3578 hiscum
841 3526 959 3579 caetera
990 3514 1091 3581 ornnia
1116 3536 1190 3584 cen·

261 3633 356 3703 senda
390 3645 487 3709 suut,
529 3649 607 3711 quae
625 3631 676 3701 ,de
708 3630 825 3693 ruuudo
855 3636 944 3718 νοητῷ
974 3647 1078 3698 mente
1104 3653 1190 3700 com.

258 3750 371 3834 pletas
405 3762 477 3828 est,
520 3760 585 3811 tum
621 3748 773 3825 maxime,
818 3767 897 3830 quae
922 3748 1006 3813 ideas
1035 3764 1187 3834 spectant.

1126 3863 1191 3935 Ve-

293 4003 336 4083 (ι)
356 3999 399 4053 De
415 3999 481 4066 hep.
500 3995 569 4051 Vll.
585 3997 645 4067 517.
664 3999 695 4052 B.
