2896 5168
618 524 809 602 ''¹¹⁸7-

251 687 347 770 viram
369 705 494 770 iuturus
515 720 549 768 ac
572 704 778 786 sempiternus
795 701 959 765 diceretur.
997 701 1049 766 Sic
1067 718 1179 784 nempe

251 819 484 904 distinguebant
510 817 650 903 antiqui:
682 834 714 883 et
742 819 829 888 Plato
860 832 922 884 tam
952 818 986 883 iu
1016 815 1183 899 Phaedro,

256 958 346 1022 quam
369 939 401 1002 in
425 935 588 1003 Phaedone
608 935 741 1019 primum
763 936 863 1015 illud,
886 953 951 1001 turn
971 933 1033 1000 hoc
1052 937 1182 1000 alterum

255 1057 459 1121 demonstrat.
505 1053 623 1120 Mirum
654 1032 685 1119 id
715 1055 821 1119 multis
843 1054 940 1120 videri
961 1069 1056 1136 atque
1076 1053 1185 1119 absur-

254 1172 328 1237 dum
349 1171 448 1239 solete
476 1190 534 1237 nec
562 1190 621 1237 nos
643 1169 807 1238 defendere
827 1170 965 1238 Platonis
988 1190 1021 1236 ac
1044 1188 1185 1237 veterum

256 1289 438 1354 sententiam
452 1287 672 1355 sustineamus.
703 1290 914 1355 Veruntamen
927 1289 1043 1356 factum
1063 1290 1104 1356 ita
1119 1305 1185 1371 est,

256 1421 292 1473 ut
318 1409 422 1472 eadem
451 1405 503 1473 illa
524 1405 663 1473 doctrina
686 1423 827 1490 tantam,
856 1422 1002 1491 quantam
1027 1407 1183 1490 vidimus,

258 1524 291 1589 in
316 1523 382 1589 veri
405 1523 639 1606 philosophiam
663 1523 747 1606 apud
764 1523 925 1589 Platonem
950 1522 1013 1589 vim
1036 1523 1189 1608 babuerit.

253 1639 342 1704 'Nam
371 1636 508 1702 adhibita
536 1657 553 1702 a
579 1634 774 1722 philosopho
802 1654 849 1704 est
878 1637 916 1702 ad
943 1638 1114 1703 universam
1138 1639 1195 1704 de·-

231 1804 240 1842 ·.
259 1753 491 1830 monstrandam
530 1755 569 1819 de
606 1752 683 1819 ideis
725 1768 819 1835 atque
848 1753 965 1836 optima
994 1754 1192 1820 institutione

252 1866 456 1950 doctrinam,
480 1883 515 1934 ut
536 1867 670 1935 efficeret
691 1868 783 1948 inde,
806 1854 1032 1936 instaurandam
1055 1888 1124 1936 esse
1145 1866 1192 1935 in·

261 1985 426 2050 stitutione
452 1984 611 2066 idearum,
641 2004 720 2066 quas
749 1985 781 2049 in
805 1984 973 2067 superiore.
994 1985 1056 2050 vita
1083 1987 1193 2071 adspe-

261 2104 438 2182 xissemus,
473 2103 669 2181 memoriam,
703 2120 768 2182 quo
803 2099 900 2182 magis
934 2102 1049 2166 in'hac
1072 2104 1134 2168 vita
1154 2105 1192 2168 sd

254 2223 429 2304 pulcrum,
451 2220 590 2299 bonum,
609 2221 752 2305 justum,
777 2233 937 2296 sanctum,
958 2219 1098 2283 divinum
1119 2234 1196 2284 con·

262 2337 344 2402 versi
367 2337 492 2419 denuo,
521 2336 561 2402 ad
586 2336 659 2400 haec
687 2335 826 2418 exempla
851 2349 882 2399 et
902 2334 1196 2417 philosopharemur

263 2470 294 2520 et
317 2456 516 2534 viveremus,
540 2469 605 2519 turn
626 2471 703 2518 vero
725 2453 837 2532 etiam,
860 2468 918 2532 ut,
941 2471 1020 2533 quae
1042 2453 1092 2519 hlc
1114 2467 1198 2518 esse·

265 2591 335 2639 mus
367 2571 493 2650 exorsi,
526 2571 558 2634 in
589 2569 697 2634 futura
725 2570 792 2634 vitu
819 2569 1048 2650 perficeremus.
1103 2570 1196 2639 Unde
1267 2573 1272 2584 “

267 2703 377 2773 patet,
406 2703 539 2771 quantae
560 2685 773 2768 amplitudinis
796 2687 1012 2768 ubertatisque
1032 2687 1093 2752 hoc
1114 2691 1197 2773 apud

267 2823 387 2872 veteres
416 2804 561 2886 placitum
595 2800 702 2869 fuerit.
753 2802 885 2867 Accedit
906 2820 1031 2883 autem,
1062 2821 1096 2870 ut
1117 2806 1196 2874 idem

265 2924 365 2987 hocce
396 2921 434 2984 de
463 2918 691 2982 immortalitate
723 2916 868 2998 placitum
901 2919 984 3000 apud
1013 2935 1132 2986 veteres
1160 2944 1196 2990 ac

265 3038 423 3106 Platonem
449 3037 486 3099 ad
505 3034 593 3117 justi
619 3034 745 3115 proprie
776 3033 1007 3117 philosophiam
1031 3039 1194 3118 pertineat.

267 3152 343 3238 Quo
364 3151 459 3232 magis
478 3150 630 3234 justitiam
653 3166 836 3231 tuerentur,
868 3167 903 3215 ut
924 3154 1016 3219 nobis
1036 3159 1096 3241 jam
1121 3157 1197 3223 satis

270 3269 426 3335 ePlatone
443 3266 543 3349 patuit
559 3281 590 3332 et
605 3264 771 3332 dilucidius
791 3269 880 3332 etiam
899 3269 1044 3354 deinceps
1059 3274 1196 3360 patebit,

271 3385 472 3453 immortalem
501 3403 569 3448 esse
600 3383 789 3449 affirmabant
818 3387 952 3451 animum
973 3388 1129 3459 hominis:
1151 3394 1199 3462 sic

262 3504 350 3568 ‘enim
373 3499 539 3581 futurum,
569 3517 605 3565 ut
627 3519 683 3566 nec
708 3501 825 3585 justis,
853 3505 993 3584 quamvis
1016 3510 1116 3591 mala,
1139 3529 1197 3578 uec

271 3618 420 3705 injustis,
446 3616 589 3698 quamvis
612 3621 764 3699 prospera
785 3615 915 3684 fortuna
932 3620 984 3685 hic
1004 3639 1107 3689 essent
1126 3627 1196 3710 usi,

268 3735 403 3821 praemia
425 3749 456 3799 et
477 3751 595 3815 poenae
613 3736 769 3799 deessent.
824 3736 899 3820 Quo
920 3754 1040 3820 spectat
1059 3740 1196 3810 tribunal

269 3854 347 3920 illud
377 3851 542 3931 divinum,
575 3852 660 3933 quod
690 3871 726 3916 err
756 3852 893 3935 antiquis
916 3853 1030 3921 fabulis
1051 3859 1141 3925 Pluto
1163 3860 1197 3927 in

271 3972 393 4056 Gorgia
413 3967 592 4052 descripsit.
613 3968 653 4035 lu
679 4057 684 4071 .
706 3968 753 4034 Et
772 3969 925 4053 omnino,
956 3972 1011 4039 ubi
1031 3980 1198 4046 accuratis.

305 4139 348 4239 il)
366 4156 452 4239 Gor-g·
468 4167 529 4225 525.
550 4160 594 4223 Cf.
612 4184 694 4237 supra
712 4165 780 4229 Vol,
793 4135 838 4223 Ιῃ,
854 4140 889 4226 ’ῥ’
909 4168 933 4228 1.
949 4189 978 4240 P·
989 4121 1058 4231 ¹15..ss
1158 4116 1186 4165 tl
