<?xml version="1.0" encoding="UTF-8"?>
<!DOCTYPE html PUBLIC "-//W3C//DTD XHTML 1.0 Transitional//EN"
    "http://www.w3.org/TR/xhtml1/DTD/xhtml1-transitional.dtd">
<html xmlns="http://www.w3.org/1999/xhtml" xml:lang="en" lang="en">
 <head>
  <title>
</title>
<meta http-equiv="Content-Type" content="text/html;charset=utf-8" />
  <meta name='ocr-system' content='tesseract 3.04.00' />
  <meta name='ocr-capabilities' content='ocr_page ocr_carea ocr_par ocr_line ocrx_word'/>
</head>
<body>
  <div class='ocr_page' id='page_1' title='image "./initiaphilosoph04heusgoog_0388.png"; bbox 0 0 2896 5168; ppageno 0'>
   <div class='ocr_carea' id='block_1_1' title="bbox 707 412 907 497">
    <p class='ocr_par' dir='ltr' id='par_1_1' title="bbox 707 412 907 497">
     <span class='ocr_line' id='line_1_1' title="bbox 707 412 907 497; baseline -0.045 -21"><span class='ocrx_word' id='word_1_1' title='bbox 707 439 752 456; x_wconf 91' lang='lat'>··</span> <span class='ocrx_word' id='word_1_2' title='bbox 774 412 836 497; x_wconf 15' lang='lat'>1¹08¹</span> <span class='ocrx_word' id='word_1_3' title='bbox 854 445 907 467; x_wconf 90' lang='lat'>-.</span> 
     </span>
    </p>
   </div>
   <div class='ocr_carea' id='block_1_2' title="bbox 219 583 1386 3909">
    <p class='ocr_par' dir='ltr' id='par_1_2' title="bbox 328 583 1346 905">
     <span class='ocr_line' id='line_1_2' title="bbox 331 583 1346 672; baseline -0.001 -19"><span class='ocrx_word' id='word_1_4' title='bbox 331 586 423 653; x_wconf 77' lang='lat' dir='ltr'>surda</span> <span class='ocrx_word' id='word_1_5' title='bbox 454 587 615 655; x_wconf 87' lang='lat' dir='ltr'>continere</span> <span class='ocrx_word' id='word_1_6' title='bbox 633 587 807 655; x_wconf 86' lang='lat' dir='ltr'>videantur.</span> <span class='ocrx_word' id='word_1_7' title='bbox 850 583 1024 669; x_wconf 84' lang='lat' dir='ltr'>inquibus</span> <span class='ocrx_word' id='word_1_8' title='bbox 1046 585 1098 659; x_wconf 82' lang='lat' dir='ltr'>ille</span> <span class='ocrx_word' id='word_1_9' title='bbox 1125 604 1265 669; x_wconf 82' lang='lat' dir='ltr'>praeser-</span> <span class='ocrx_word' id='word_1_10' title='bbox 1341 664 1346 672; x_wconf 38' lang='grc'>,</span> 
     </span>
     <span class='ocr_line' id='line_1_3' title="bbox 331 680 1304 799; baseline -0.003 -30"><span class='ocrx_word' id='word_1_11' title='bbox 331 705 388 773; x_wconf 89' lang='lat' dir='ltr'>tim</span> <span class='ocrx_word' id='word_1_12' title='bbox 418 706 509 772; x_wconf 90' lang='lat' dir='ltr'>locus</span> <span class='ocrx_word' id='word_1_13' title='bbox 534 680 707 771; x_wconf 77' lang='lat' dir='ltr'>censendus</span> <span class='ocrx_word' id='word_1_14' title='bbox 740 716 811 781; x_wconf 89' lang='lat' dir='ltr'>est,</span> <span class='ocrx_word' id='word_1_15' title='bbox 834 720 927 783; x_wconf 87' lang='lat' dir='ltr'>quem</span> <span class='ocrx_word' id='word_1_16' title='bbox 954 719 1050 783; x_wconf 89' lang='lat' dir='ltr'>supra</span> <span class='ocrx_word' id='word_1_17' title='bbox 1081 685 1304 799; x_wconf 21' lang='lat' dir='ltr'>memoravi-k&#39;</span> 
     </span>
     <span class='ocr_line' id='line_1_4' title="bbox 328 817 1274 905; baseline -0.007 -16"><span class='ocrx_word' id='word_1_18' title='bbox 328 838 423 903; x_wconf 82' lang='lat' dir='ltr'>mus,</span> <span class='ocrx_word' id='word_1_19' title='bbox 445 820 503 889; x_wconf 85' lang='lat' dir='ltr'>ubi</span> <span class='ocrx_word' id='word_1_20' title='bbox 526 822 626 887; x_wconf 80' lang='lat' dir='ltr'>lectus</span> <span class='ocrx_word' id='word_1_21' title='bbox 650 836 681 886; x_wconf 91' lang='lat' dir='ltr'>et</span> <span class='ocrx_word' id='word_1_22' title='bbox 700 821 808 886; x_wconf 87' lang='lat' dir='ltr'>mensa</span> <span class='ocrx_word' id='word_1_23' title='bbox 828 817 916 889; x_wconf 77' lang='lat' dir='ltr'>ideae</span> <span class='ocrx_word' id='word_1_24' title='bbox 933 819 1102 901; x_wconf 90' lang='lat' dir='ltr'>dicuntur,</span> <span class='ocrx_word' id='word_1_25' title='bbox 1124 839 1274 905; x_wconf 77' lang='lat' dir='ltr'>quarum,</span> 
     </span>
    </p>

    <p class='ocr_par' dir='ltr' id='par_1_3' title="bbox 219 933 1386 1837">
     <span class='ocr_line' id='line_1_5' title="bbox 219 933 1273 1020; baseline -0.005 -16"><span class='ocrx_word' id='word_1_26' title='bbox 219 953 224 963; x_wconf 89' lang='lat'>·</span> <span class='ocrx_word' id='word_1_27' title='bbox 328 934 418 1004; x_wconf 75' lang='lat' dir='ltr'>Deus</span> <span class='ocrx_word' id='word_1_28' title='bbox 437 940 480 1003; x_wconf 74' lang='lat' dir='ltr'>sit</span> <span class='ocrx_word' id='word_1_29' title='bbox 502 951 627 1003; x_wconf 82' lang='lat' dir='ltr'><em>auctor.</em></span> <span class='ocrx_word' id='word_1_30' title='bbox 649 936 696 1001; x_wconf 73' lang='grc' dir='ltr'>(ι)</span> <span class='ocrx_word' id='word_1_31' title='bbox 739 936 885 1020; x_wconf 86' lang='lat' dir='ltr'><strong>Ineptum</strong></span> <span class='ocrx_word' id='word_1_32' title='bbox 915 935 971 1018; x_wconf 93' lang='lat' dir='ltr'>id,</span> <span class='ocrx_word' id='word_1_33' title='bbox 993 933 1114 1015; x_wconf 88' lang='lat' dir='ltr'>fateor,</span> <span class='ocrx_word' id='word_1_34' title='bbox 1136 935 1203 1016; x_wconf 86' lang='lat' dir='ltr'>sit,</span> <span class='ocrx_word' id='word_1_35' title='bbox 1232 950 1273 1012; x_wconf 86' lang='lat' dir='ltr'>et</span> 
     </span>
     <span class='ocr_line' id='line_1_6' title="bbox 328 1050 1263 1139; baseline -0.004 -18"><span class='ocrx_word' id='word_1_36' title='bbox 328 1070 407 1121; x_wconf 84' lang='lat' dir='ltr'>vero</span> <span class='ocrx_word' id='word_1_37' title='bbox 436 1050 499 1133; x_wconf 92' lang='lat' dir='ltr'>ipsi</span> <span class='ocrx_word' id='word_1_38' title='bbox 525 1052 662 1120; x_wconf 76' lang='lat' dir='ltr'>Putonis</span> <span class='ocrx_word' id='word_1_39' title='bbox 694 1054 853 1120; x_wconf 89' lang='lat' dir='ltr'>doctrinae</span> <span class='ocrx_word' id='word_1_40' title='bbox 879 1068 1051 1139; x_wconf 76' lang='lat' dir='ltr'>repugnet,</span> <span class='ocrx_word' id='word_1_41' title='bbox 1081 1059 1108 1119; x_wconf 84' lang='lat' dir='ltr'>si</span> <span class='ocrx_word' id='word_1_42' title='bbox 1139 1052 1263 1136; x_wconf 87' lang='lat' dir='ltr'>quidem</span> 
     </span>
     <span class='ocr_line' id='line_1_7' title="bbox 331 1167 1266 1250; baseline -0.001 -14"><span class='ocrx_word' id='word_1_43' title='bbox 331 1168 378 1236; x_wconf 75' lang='lat' dir='ltr'>sic</span> <span class='ocrx_word' id='word_1_44' title='bbox 402 1167 592 1250; x_wconf 79' lang='lat' dir='ltr'><strong>accipiatur,</strong></span> <span class='ocrx_word' id='word_1_45' title='bbox 617 1185 651 1237; x_wconf 90' lang='lat' dir='ltr'>ut</span> <span class='ocrx_word' id='word_1_46' title='bbox 683 1171 732 1237; x_wconf 87' lang='lat' dir='ltr'>his</span> <span class='ocrx_word' id='word_1_47' title='bbox 751 1172 855 1239; x_wconf 91' lang='lat' dir='ltr'>verbis</span> <span class='ocrx_word' id='word_1_48' title='bbox 876 1171 1060 1235; x_wconf 88' lang='lat' dir='ltr'>enunciatur</span> <span class='ocrx_word' id='word_1_49' title='bbox 1089 1170 1179 1250; x_wconf 80' lang='lat' dir='ltr'>mic,</span> <span class='ocrx_word' id='word_1_50' title='bbox 1201 1188 1266 1235; x_wconf 88' lang='lat' dir='ltr'>non</span> 
     </span>
     <span class='ocr_line' id='line_1_8' title="bbox 332 1261 1292 1367; baseline -0.006 -12"><span class='ocrx_word' id='word_1_51' title='bbox 332 1301 372 1355; x_wconf 79' lang='lat' dir='ltr'>ex</span> <span class='ocrx_word' id='word_1_52' title='bbox 408 1283 574 1353; x_wconf 86' lang='lat' dir='ltr'>universae</span> <span class='ocrx_word' id='word_1_53' title='bbox 602 1287 775 1354; x_wconf 88' lang='lat' dir='ltr'>sententiae</span> <span class='ocrx_word' id='word_1_54' title='bbox 807 1285 950 1365; x_wconf 88' lang='lat' dir='ltr'>ratione,</span> <span class='ocrx_word' id='word_1_55' title='bbox 982 1266 1118 1367; x_wconf 78' lang='lat' dir='ltr'>apteque</span> <span class='ocrx_word' id='word_1_56' title='bbox 1150 1286 1219 1367; x_wconf 77' lang='lat' dir='ltr'>idea</span> <span class='ocrx_word' id='word_1_57' title='bbox 1249 1261 1292 1361; x_wconf 37' lang='lat' dir='ltr'>a.</span> 
     </span>
     <span class='ocr_line' id='line_1_9' title="bbox 333 1394 1267 1486; baseline -0.011 -10"><span class='ocrx_word' id='word_1_58' title='bbox 333 1406 562 1486; x_wconf 67' lang='grc' dir='ltr'>παραδείγματι</span> <span class='ocrx_word' id='word_1_59' title='bbox 594 1403 762 1481; x_wconf 76' lang='lat' dir='ltr'>distincta,</span> <span class='ocrx_word' id='word_1_60' title='bbox 794 1402 978 1467; x_wconf 82' lang='lat' dir='ltr'>declaretur.</span> <span class='ocrx_word' id='word_1_61' title='bbox 1021 1394 1267 1484; x_wconf 65' lang='lat' dir='ltr'>nupciarum</span> 
     </span>
     <span class='ocr_line' id='line_1_10' title="bbox 332 1517 1386 1601; baseline -0.009 -16"><span class='ocrx_word' id='word_1_62' title='bbox 332 1517 452 1585; x_wconf 81' lang='lat' dir='ltr'>scilicet</span> <span class='ocrx_word' id='word_1_63' title='bbox 476 1536 516 1583; x_wconf 92' lang='lat' dir='ltr'>eo</span> <span class='ocrx_word' id='word_1_64' title='bbox 543 1520 615 1583; x_wconf 92' lang='lat' dir='ltr'>loco</span> <span class='ocrx_word' id='word_1_65' title='bbox 645 1519 802 1601; x_wconf 87' lang='lat' dir='ltr'>spectavit</span> <span class='ocrx_word' id='word_1_66' title='bbox 827 1519 938 1598; x_wconf 90' lang='lat' dir='ltr'>Plato,</span> <span class='ocrx_word' id='word_1_67' title='bbox 979 1534 1059 1598; x_wconf 86' lang='lat' dir='ltr'>quae</span> <span class='ocrx_word' id='word_1_68' title='bbox 1085 1535 1145 1580; x_wconf 90' lang='lat' dir='ltr'>nos</span> <span class='ocrx_word' id='word_1_69' title='bbox 1174 1532 1269 1578; x_wconf 46' lang='lat' dir='ltr'>voca*</span> <span class='ocrx_word' id='word_1_70' title='bbox 1383 1552 1386 1560; x_wconf 67' lang='grc'><strong><em>«</em></strong></span> 
     </span>
     <span class='ocr_line' id='line_1_11' title="bbox 334 1630 1264 1717; baseline -0.011 -14"><span class='ocrx_word' id='word_1_71' title='bbox 334 1653 370 1703; x_wconf 85' lang='lat' dir='ltr'>re</span> <span class='ocrx_word' id='word_1_72' title='bbox 392 1632 511 1702; x_wconf 78' lang='lat' dir='ltr'>idoalia</span> <span class='ocrx_word' id='word_1_73' title='bbox 532 1635 696 1713; x_wconf 86' lang='lat' dir='ltr'>solemus,</span> <span class='ocrx_word' id='word_1_74' title='bbox 717 1653 782 1700; x_wconf 90' lang='lat' dir='ltr'>non</span> <span class='ocrx_word' id='word_1_75' title='bbox 811 1634 898 1701; x_wconf 72' lang='lat' dir='ltr'>ideas</span> <span class='ocrx_word' id='word_1_76' title='bbox 925 1633 1053 1717; x_wconf 85' lang='lat' dir='ltr'>proprie</span> <span class='ocrx_word' id='word_1_77' title='bbox 1083 1633 1129 1697; x_wconf 91' lang='lat' dir='ltr'>sic</span> <span class='ocrx_word' id='word_1_78' title='bbox 1155 1630 1264 1698; x_wconf 87' lang='lat' dir='ltr'>dictas.</span> 
     </span>
     <span class='ocr_line' id='line_1_12' title="bbox 333 1746 1269 1837; baseline -0.011 -15"><span class='ocrx_word' id='word_1_79' title='bbox 333 1748 386 1822; x_wconf 84' lang='lat' dir='ltr'>De</span> <span class='ocrx_word' id='word_1_80' title='bbox 413 1750 591 1837; x_wconf 89' lang='lat' dir='ltr'>pictoribus</span> <span class='ocrx_word' id='word_1_81' title='bbox 622 1770 725 1818; x_wconf 89' lang='lat' dir='ltr'>sermo</span> <span class='ocrx_word' id='word_1_82' title='bbox 749 1768 827 1834; x_wconf 86' lang='lat' dir='ltr'>est,</span> <span class='ocrx_word' id='word_1_83' title='bbox 850 1751 929 1832; x_wconf 90' lang='lat' dir='ltr'>qui,</span> <span class='ocrx_word' id='word_1_84' title='bbox 962 1768 1111 1831; x_wconf 85' lang='lat' dir='ltr'>quantum</span> <span class='ocrx_word' id='word_1_85' title='bbox 1144 1767 1161 1813; x_wconf 88' lang='lat' dir='ltr'>a</span> <span class='ocrx_word' id='word_1_86' title='bbox 1188 1746 1269 1814; x_wconf 88' lang='lat' dir='ltr'>veri·</span> 
     </span>
    </p>

    <p class='ocr_par' dir='ltr' id='par_1_4' title="bbox 308 1849 1278 2772">
     <span class='ocr_line' id='line_1_13' title="bbox 308 1863 1270 1950; baseline -0.004 -17"><span class='ocrx_word' id='word_1_87' title='bbox 308 1925 312 1933; x_wconf 86' lang='lat'><em>.</em></span> <span class='ocrx_word' id='word_1_88' title='bbox 335 1881 400 1936; x_wconf 88' lang='lat' dir='ltr'>tate</span> <span class='ocrx_word' id='word_1_89' title='bbox 426 1868 556 1949; x_wconf 87' lang='lat' dir='ltr'>absint,</span> <span class='ocrx_word' id='word_1_90' title='bbox 579 1867 651 1933; x_wconf 89' lang='lat' dir='ltr'>hinc</span> <span class='ocrx_word' id='word_1_91' title='bbox 672 1868 821 1948; x_wconf 87' lang='lat' dir='ltr'>docetur,</span> <span class='ocrx_word' id='word_1_92' title='bbox 845 1869 932 1950; x_wconf 88' lang='lat' dir='ltr'>quod</span> <span class='ocrx_word' id='word_1_93' title='bbox 952 1887 1015 1935; x_wconf 90' lang='lat' dir='ltr'>rem</span> <span class='ocrx_word' id='word_1_94' title='bbox 1046 1887 1064 1932; x_wconf 94' lang='lat' dir='ltr'>a</span> <span class='ocrx_word' id='word_1_95' title='bbox 1092 1865 1189 1945; x_wconf 83' lang='lat' dir='ltr'>fabris</span> <span class='ocrx_word' id='word_1_96' title='bbox 1206 1863 1270 1931; x_wconf 85' lang='lat' dir='ltr'>fac·</span> 
     </span>
     <span class='ocr_line' id='line_1_14' title="bbox 336 1974 1269 2066; baseline -0.006 -13"><span class='ocrx_word' id='word_1_97' title='bbox 336 1997 419 2066; x_wconf 71' lang='lat' dir='ltr'>mm,</span> <span class='ocrx_word' id='word_1_98' title='bbox 447 1984 548 2052; x_wconf 84' lang='lat' dir='ltr'>veluti</span> <span class='ocrx_word' id='word_1_99' title='bbox 576 1985 691 2050; x_wconf 86' lang='lat' dir='ltr'>lectum</span> <span class='ocrx_word' id='word_1_100' title='bbox 722 1986 773 2050; x_wconf 87' lang='lat' dir='ltr'>vel</span> <span class='ocrx_word' id='word_1_101' title='bbox 792 1974 959 2066; x_wconf 81' lang='lat' dir='ltr'>mensam,</span> <span class='ocrx_word' id='word_1_102' title='bbox 982 1984 1166 2064; x_wconf 90' lang='lat' dir='ltr'>imitantur,</span> <span class='ocrx_word' id='word_1_103' title='bbox 1190 1980 1269 2048; x_wconf 87' lang='lat' dir='ltr'>fabri</span> 
     </span>
     <span class='ocr_line' id='line_1_15' title="bbox 332 2099 1270 2175; baseline -0.005 -6"><span class='ocrx_word' id='word_1_104' title='bbox 332 2116 435 2169; x_wconf 79' lang='lat' dir='ltr'>autem</span> <span class='ocrx_word' id='word_1_105' title='bbox 464 2102 496 2168; x_wconf 92' lang='lat' dir='ltr'>in</span> <span class='ocrx_word' id='word_1_106' title='bbox 524 2102 574 2168; x_wconf 91' lang='lat' dir='ltr'>his</span> <span class='ocrx_word' id='word_1_107' title='bbox 605 2099 791 2168; x_wconf 86' lang='lat' dir='ltr'>fabricandis</span> <span class='ocrx_word' id='word_1_108' title='bbox 822 2101 963 2168; x_wconf 85' lang='lat' dir='ltr'>divinum</span> <span class='ocrx_word' id='word_1_109' title='bbox 993 2120 1115 2168; x_wconf 87' lang='lat' dir='ltr'>mensae</span> <span class='ocrx_word' id='word_1_110' title='bbox 1135 2120 1169 2167; x_wconf 89' lang='lat' dir='ltr'>ac</span> <span class='ocrx_word' id='word_1_111' title='bbox 1196 2099 1270 2175; x_wconf 85' lang='lat' dir='ltr'>lecti</span> 
     </span>
     <span class='ocr_line' id='line_1_16' title="bbox 335 2217 1271 2313; baseline -0.005 -25"><span class='ocrx_word' id='word_1_112' title='bbox 335 2219 513 2303; x_wconf 84' lang='lat' dir='ltr'>exemplum</span> <span class='ocrx_word' id='word_1_113' title='bbox 542 2233 765 2304; x_wconf 86' lang='lat' dir='ltr'>respexerunt:</span> <span class='ocrx_word' id='word_1_114' title='bbox 809 2219 893 2285; x_wconf 91' lang='lat' dir='ltr'>unde</span> <span class='ocrx_word' id='word_1_115' title='bbox 926 2220 1018 2286; x_wconf 92' lang='lat' dir='ltr'>tertio</span> <span class='ocrx_word' id='word_1_116' title='bbox 1047 2217 1118 2283; x_wconf 89' lang='lat' dir='ltr'>illos</span> <span class='ocrx_word' id='word_1_117' title='bbox 1153 2219 1224 2283; x_wconf 85' lang='lat' dir='ltr'>loco</span> <span class='ocrx_word' id='word_1_118' title='bbox 1253 2235 1271 2313; x_wconf 81' lang='lat' dir='ltr'>a</span> 
     </span>
     <span class='ocr_line' id='line_1_17' title="bbox 335 2325 1270 2419; baseline -0.007 -14"><span class='ocrx_word' id='word_1_119' title='bbox 335 2337 467 2408; x_wconf 88' lang='lat' dir='ltr'>veritate</span> <span class='ocrx_word' id='word_1_120' title='bbox 503 2325 614 2405; x_wconf 81' lang='lat' dir='ltr'>abesse</span> <span class='ocrx_word' id='word_1_121' title='bbox 643 2337 788 2404; x_wconf 85' lang='lat' dir='ltr'>efficitur.</span> <span class='ocrx_word' id='word_1_122' title='bbox 851 2337 896 2404; x_wconf 82' lang='lat' dir='ltr'>lit</span> <span class='ocrx_word' id='word_1_123' title='bbox 932 2336 977 2402; x_wconf 87' lang='lat' dir='ltr'>sic</span> <span class='ocrx_word' id='word_1_124' title='bbox 1017 2336 1140 2419; x_wconf 87' lang='lat' dir='ltr'>quidem</span> <span class='ocrx_word' id='word_1_125' title='bbox 1176 2334 1270 2399; x_wconf 88' lang='lat' dir='ltr'>nobis</span> 
     </span>
     <span class='ocr_line' id='line_1_18' title="bbox 333 2451 1271 2532; baseline -0.011 -8"><span class='ocrx_word' id='word_1_126' title='bbox 333 2455 519 2524; x_wconf 76' lang='lat' dir='ltr'>sententiam</span> <span class='ocrx_word' id='word_1_127' title='bbox 551 2455 635 2521; x_wconf 86' lang='lat' dir='ltr'>iilius</span> <span class='ocrx_word' id='word_1_128' title='bbox 663 2457 735 2518; x_wconf 87' lang='lat' dir='ltr'>loco</span> <span class='ocrx_word' id='word_1_129' title='bbox 767 2452 1069 2532; x_wconf 83' lang='lat' dir='ltr'>interpretantibus,</span> <span class='ocrx_word' id='word_1_130' title='bbox 1093 2453 1196 2514; x_wconf 89' lang='lat' dir='ltr'>minus</span> <span class='ocrx_word' id='word_1_131' title='bbox 1219 2451 1271 2514; x_wconf 87' lang='lat' dir='ltr'>ilia</span> 
     </span>
     <span class='ocr_line' id='line_1_19' title="bbox 336 2564 1273 2655; baseline -0.014 -15"><span class='ocrx_word' id='word_1_132' title='bbox 336 2572 444 2655; x_wconf 86' lang='lat' dir='ltr'>inepta</span> <span class='ocrx_word' id='word_1_133' title='bbox 474 2572 524 2652; x_wconf 89' lang='lat' dir='ltr'>vel</span> <span class='ocrx_word' id='word_1_134' title='bbox 553 2569 688 2633; x_wconf 89' lang='lat' dir='ltr'>absurda</span> <span class='ocrx_word' id='word_1_135' title='bbox 721 2568 866 2642; x_wconf 87' lang='lat' dir='ltr'>videtur;</span> <span class='ocrx_word' id='word_1_136' title='bbox 890 2574 946 2630; x_wconf 90' lang='lat' dir='ltr'>sed</span> <span class='ocrx_word' id='word_1_137' title='bbox 978 2566 1094 2629; x_wconf 85' lang='lat' dir='ltr'>instant</span> <span class='ocrx_word' id='word_1_138' title='bbox 1124 2564 1188 2629; x_wconf 86' lang='lat' dir='ltr'>isti.</span> <span class='ocrx_word' id='word_1_139' title='bbox 1223 2564 1273 2629; x_wconf 88' lang='lat' dir='ltr'>Si-</span> 
     </span>
     <span class='ocr_line' id='line_1_20' title="bbox 337 2679 1278 2772; baseline -0.016 -22"><span class='ocrx_word' id='word_1_140' title='bbox 337 2702 379 2772; x_wconf 65' lang='lat' dir='ltr'>ve</span> <span class='ocrx_word' id='word_1_141' title='bbox 407 2684 544 2748; x_wconf 83' lang='lat' dir='ltr'>idearum</span> <span class='ocrx_word' id='word_1_142' title='bbox 570 2682 658 2758; x_wconf 80' lang='lat' dir='ltr'>iilic,</span> <span class='ocrx_word' id='word_1_143' title='bbox 702 2679 869 2760; x_wconf 75' lang='lat' dir='ltr'>inquiunt,</span> <span class='ocrx_word' id='word_1_144' title='bbox 911 2681 979 2744; x_wconf 85' lang='lat' dir='ltr'>sive</span> <span class='ocrx_word' id='word_1_145' title='bbox 999 2683 1278 2763; x_wconf 53' lang='grc' dir='ltr'>παραδειγμάτων,</span> 
     </span>
    </p>

    <p class='ocr_par' dir='ltr' id='par_1_5' title="bbox 250 2794 1273 3348">
     <span class='ocr_line' id='line_1_21' title="bbox 250 2794 1271 2876; baseline -0.001 -11"><span class='ocrx_word' id='word_1_146' title='bbox 250 2843 253 2849; x_wconf 91' lang='grc'>-</span> <span class='ocrx_word' id='word_1_147' title='bbox 336 2797 415 2868; x_wconf 80' lang='lat' dir='ltr'>aive.</span> <span class='ocrx_word' id='word_1_148' title='bbox 438 2795 580 2863; x_wconf 87' lang='lat' dir='ltr'>idealium</span> <span class='ocrx_word' id='word_1_149' title='bbox 608 2796 724 2863; x_wconf 89' lang='lat' dir='ltr'>mentio</span> <span class='ocrx_word' id='word_1_150' title='bbox 762 2794 821 2876; x_wconf 91' lang='lat' dir='ltr'>fit,</span> <span class='ocrx_word' id='word_1_151' title='bbox 864 2813 966 2862; x_wconf 90' lang='lat' dir='ltr'>rerum</span> <span class='ocrx_word' id='word_1_152' title='bbox 1000 2795 1128 2863; x_wconf 87' lang='lat' dir='ltr'>istarum</span> <span class='ocrx_word' id='word_1_153' title='bbox 1162 2815 1271 2868; x_wconf 85' lang='lat' dir='ltr'>auctor</span> 
     </span>
     <span class='ocr_line' id='line_1_22' title="bbox 338 2910 1270 2997; baseline -0.005 -12"><span class='ocrx_word' id='word_1_154' title='bbox 338 2917 427 2985; x_wconf 85' lang='lat' dir='ltr'>Deus</span> <span class='ocrx_word' id='word_1_155' title='bbox 448 2911 584 2979; x_wconf 82' lang='lat' dir='ltr'>dicitur:</span> <span class='ocrx_word' id='word_1_156' title='bbox 618 2931 685 2992; x_wconf 92' lang='lat' dir='ltr'>quo</span> <span class='ocrx_word' id='word_1_157' title='bbox 715 2910 758 2977; x_wconf 88' lang='lat' dir='ltr'>nil</span> <span class='ocrx_word' id='word_1_158' title='bbox 780 2929 828 2978; x_wconf 92' lang='lat' dir='ltr'>est</span> <span class='ocrx_word' id='word_1_159' title='bbox 854 2911 1032 2978; x_wconf 86' lang='lat' dir='ltr'>absurdius.</span> <span class='ocrx_word' id='word_1_160' title='bbox 1078 2915 1270 2997; x_wconf 90' lang='lat' dir='ltr'>Cerminus‚</span> 
     </span>
     <span class='ocr_line' id='line_1_23' title="bbox 339 3024 1272 3117; baseline -0.001 -19"><span class='ocrx_word' id='word_1_161' title='bbox 339 3049 433 3117; x_wconf 90' lang='lat' dir='ltr'>quam</span> <span class='ocrx_word' id='word_1_162' title='bbox 450 3026 542 3095; x_wconf 84' lang='lat' dir='ltr'>facile</span> <span class='ocrx_word' id='word_1_163' title='bbox 565 3024 634 3111; x_wconf 89' lang='lat' dir='ltr'>ipse</span> <span class='ocrx_word' id='word_1_164' title='bbox 654 3045 713 3093; x_wconf 88' lang='lat' dir='ltr'>nos</span> <span class='ocrx_word' id='word_1_165' title='bbox 735 3027 846 3109; x_wconf 89' lang='lat' dir='ltr'>Plato,</span> <span class='ocrx_word' id='word_1_166' title='bbox 868 3027 929 3093; x_wconf 87' lang='lat' dir='ltr'>nisi</span> <span class='ocrx_word' id='word_1_167' title='bbox 954 3028 1184 3112; x_wconf 85' lang='lat' dir='ltr'>philosophiam</span> <span class='ocrx_word' id='word_1_168' title='bbox 1204 3032 1272 3115; x_wconf 87' lang='lat' dir='ltr'>ejus</span> 
     </span>
     <span class='ocr_line' id='line_1_24' title="bbox 338 3125 1273 3233; baseline -0.003 -16"><span class='ocrx_word' id='word_1_169' title='bbox 338 3163 372 3217; x_wconf 85' lang='lat' dir='ltr'>et</span> <span class='ocrx_word' id='word_1_170' title='bbox 400 3148 531 3233; x_wconf 85' lang='lat' dir='ltr'>interius</span> <span class='ocrx_word' id='word_1_171' title='bbox 563 3146 814 3231; x_wconf 84' lang='lat' dir='ltr'>perspexerimus</span> <span class='ocrx_word' id='word_1_172' title='bbox 842 3161 874 3212; x_wconf 92' lang='lat' dir='ltr'>et</span> <span class='ocrx_word' id='word_1_173' title='bbox 891 3164 909 3212; x_wconf 90' lang='lat' dir='ltr'>e</span> <span class='ocrx_word' id='word_1_174' title='bbox 929 3125 1054 3229; x_wconf 74' lang='lat' dir='ltr'>poetici</span> <span class='ocrx_word' id='word_1_175' title='bbox 1086 3149 1207 3213; x_wconf 73' lang='lat' dir='ltr'>dicendi</span> <span class='ocrx_word' id='word_1_176' title='bbox 1226 3168 1273 3214; x_wconf 86' lang='lat' dir='ltr'>ra-</span> 
     </span>
     <span class='ocr_line' id='line_1_25' title="bbox 336 3262 1272 3348; baseline -0.003 -15"><span class='ocrx_word' id='word_1_177' title='bbox 336 3264 425 3333; x_wconf 88' lang='lat' dir='ltr'>tione</span> <span class='ocrx_word' id='word_1_178' title='bbox 445 3263 710 3348; x_wconf 85' lang='lat' dir='ltr'>explicuerimus,</span> <span class='ocrx_word' id='word_1_179' title='bbox 727 3262 760 3327; x_wconf 92' lang='lat' dir='ltr'>in</span> <span class='ocrx_word' id='word_1_180' title='bbox 773 3281 908 3329; x_wconf 88' lang='lat' dir='ltr'>errorem</span> <span class='ocrx_word' id='word_1_181' title='bbox 920 3262 1024 3345; x_wconf 90' lang='lat' dir='ltr'>possit</span> <span class='ocrx_word' id='word_1_182' title='bbox 1042 3264 1167 3330; x_wconf 86' lang='lat' dir='ltr'>ducere.</span> <span class='ocrx_word' id='word_1_183' title='bbox 1190 3266 1272 3330; x_wconf 90' lang='lat' dir='ltr'>Nam</span> 
     </span>
    </p>

    <p class='ocr_par' dir='ltr' id='par_1_6' title="bbox 313 3355 1274 3709">
     <span class='ocr_line' id='line_1_26' title="bbox 313 3355 1271 3467; baseline -0.001 -18"><span class='ocrx_word' id='word_1_184' title='bbox 313 3355 442 3450; x_wconf 77' lang='lat' dir='ltr'>&#39;facere</span> <span class='ocrx_word' id='word_1_185' title='bbox 467 3380 574 3460; x_wconf 87' lang='lat' dir='ltr'>ideas,</span> <span class='ocrx_word' id='word_1_186' title='bbox 607 3379 748 3462; x_wconf 87' lang='lat' dir='ltr'>ineptum</span> <span class='ocrx_word' id='word_1_187' title='bbox 780 3394 847 3446; x_wconf 84' lang='lat' dir='ltr'>est:</span> <span class='ocrx_word' id='word_1_188' title='bbox 881 3378 969 3461; x_wconf 88' lang='lat' dir='ltr'>quod</span> <span class='ocrx_word' id='word_1_189' title='bbox 990 3378 1060 3462; x_wconf 88' lang='lat' dir='ltr'>ipse</span> <span class='ocrx_word' id='word_1_190' title='bbox 1088 3379 1130 3445; x_wconf 87' lang='lat' dir='ltr'>ait</span> <span class='ocrx_word' id='word_1_191' title='bbox 1162 3382 1271 3467; x_wconf 85' lang='lat' dir='ltr'>eodem</span> 
     </span>
     <span class='ocr_line' id='line_1_27' title="bbox 340 3495 1274 3588; baseline 0.011 -26"><span class='ocrx_word' id='word_1_192' title='bbox 340 3495 435 3562; x_wconf 80' lang='lat' dir='ltr'>loco:</span> <span class='ocrx_word' id='word_1_193' title='bbox 460 3501 499 3588; x_wconf 82' lang='lat' dir='ltr'>ai</span> <span class='ocrx_word' id='word_1_194' title='bbox 521 3498 583 3576; x_wconf 74' lang='grc' dir='ltr'>γάρ</span> <span class='ocrx_word' id='word_1_195' title='bbox 602 3500 732 3588; x_wconf 67' lang='lat' dir='ltr'>cavasio</span> <span class='ocrx_word' id='word_1_196' title='bbox 754 3523 793 3578; x_wconf 73' lang='lat' dir='ltr'>ys</span> <span class='ocrx_word' id='word_1_197' title='bbox 817 3499 897 3566; x_wconf 70' lang='lat' dir='ltr'>idiota</span> <span class='ocrx_word' id='word_1_198' title='bbox 916 3501 1009 3576; x_wconf 73' lang='lat' dir='ltr'>adria</span> <span class='ocrx_word' id='word_1_199' title='bbox 1028 3501 1202 3582; x_wconf 71' lang='grc' dir='ltr'>δημιουργεῖ</span> <span class='ocrx_word' id='word_1_200' title='bbox 1225 3508 1274 3572; x_wconf 81' lang='grc' dir='ltr'>οὐ·</span> 
     </span>
     <span class='ocr_line' id='line_1_28' title="bbox 339 3612 1270 3709; baseline 0.006 -32"><span class='ocrx_word' id='word_1_201' title='bbox 339 3613 402 3707; x_wconf 53' lang='lat' dir='ltr'>irie</span> <span class='ocrx_word' id='word_1_202' title='bbox 420 3619 476 3681; x_wconf 75' lang='grc' dir='ltr'>τῶν</span> <span class='ocrx_word' id='word_1_203' title='bbox 494 3614 687 3709; x_wconf 60' lang='lat' dir='ltr'>turstanum·</span> <span class='ocrx_word' id='word_1_204' title='bbox 711 3612 757 3676; x_wconf 59' lang='grc' dir='ltr'>(π)</span> <span class='ocrx_word' id='word_1_205' title='bbox 779 3612 890 3678; x_wconf 86' lang='lat' dir='ltr'>idealia</span> <span class='ocrx_word' id='word_1_206' title='bbox 907 3613 997 3693; x_wconf 88' lang='lat' dir='ltr'>etiam</span> <span class='ocrx_word' id='word_1_207' title='bbox 1021 3614 1144 3697; x_wconf 85' lang='lat' dir='ltr'>facere,</span> <span class='ocrx_word' id='word_1_208' title='bbox 1167 3617 1270 3697; x_wconf 84' lang='lat' dir='ltr'>minus</span> 
     </span>
    </p>

    <p class='ocr_par' dir='ltr' id='par_1_7' title="bbox 287 3725 1272 3909">
     <span class='ocr_line' id='line_1_29' title="bbox 287 3725 1271 3829; baseline 0.008 -39"><span class='ocrx_word' id='word_1_209' title='bbox 287 3780 288 3790; x_wconf 73' lang='grc'>,</span> <span class='ocrx_word' id='word_1_210' title='bbox 337 3741 418 3823; x_wconf 78' lang='lat' dir='ltr'>apte</span> <span class='ocrx_word' id='word_1_211' title='bbox 440 3725 573 3795; x_wconf 89' lang='lat' dir='ltr'>dicatur.</span> <span class='ocrx_word' id='word_1_212' title='bbox 607 3729 674 3829; x_wconf 84' lang='lat' dir='ltr'>¹lile</span> <span class='ocrx_word' id='word_1_213' title='bbox 701 3748 777 3818; x_wconf 83' lang='lat' dir='ltr'>vero</span> <span class='ocrx_word' id='word_1_214' title='bbox 802 3728 917 3796; x_wconf 89' lang='lat' dir='ltr'>Deum.</span> <span class='ocrx_word' id='word_1_215' title='bbox 934 3730 1034 3812; x_wconf 84' lang='lat' dir='ltr'>dixit,</span> <span class='ocrx_word' id='word_1_216' title='bbox 1057 3751 1163 3823; x_wconf 25' lang='lat' dir='ltr'>..quum</span> <span class='ocrx_word' id='word_1_217' title='bbox 1195 3750 1271 3798; x_wconf 85' lang='lat' dir='ltr'>con·</span> 
     </span>
     <span class='ocr_line' id='line_1_30' title="bbox 1218 3847 1272 3909; baseline 0.019 -1"><span class='ocrx_word' id='word_1_218' title='bbox 1218 3847 1272 3909; x_wconf 83' lang='lat' dir='ltr'>de·</span> 
     </span>
    </p>
   </div>
   <div class='ocr_carea' id='block_1_3' title="bbox 375 3975 1273 4074">
    <p class='ocr_par' dir='ltr' id='par_1_8' title="bbox 375 3975 1273 4074">
     <span class='ocr_line' id='line_1_31' title="bbox 375 3975 1273 4074; baseline 0.008 -46"><span class='ocrx_word' id='word_1_219' title='bbox 375 3975 419 4048; x_wconf 83' lang='grc' dir='ltr'>(ι)</span> <span class='ocrx_word' id='word_1_220' title='bbox 438 3978 560 4058; x_wconf 72' lang='lat' dir='ltr'>DaRop.</span> <span class='ocrx_word' id='word_1_221' title='bbox 573 3977 610 4058; x_wconf 73' lang='lat' dir='ltr'>¹X·</span> <span class='ocrx_word' id='word_1_222' title='bbox 619 3977 679 4050; x_wconf 79' lang='lat'>596.</span> <span class='ocrx_word' id='word_1_223' title='bbox 692 3981 734 4033; x_wconf 72' lang='lat' dir='ltr'>Cf.</span> <span class='ocrx_word' id='word_1_224' title='bbox 747 3997 825 4057; x_wconf 65' lang='lat' dir='ltr'>rupta</span> <span class='ocrx_word' id='word_1_225' title='bbox 835 4000 863 4054; x_wconf 77' lang='lat' dir='ltr'>p.</span> <span class='ocrx_word' id='word_1_226' title='bbox 874 4003 916 4057; x_wconf 77' lang='lat'>²7·</span> <span class='ocrx_word' id='word_1_227' title='bbox 928 3981 974 4056; x_wconf 82' lang='lat' dir='ltr'>(a)</span> <span class='ocrx_word' id='word_1_228' title='bbox 987 3983 1030 4034; x_wconf 74' lang='lat' dir='ltr'>Dc</span> <span class='ocrx_word' id='word_1_229' title='bbox 1040 3985 1112 4055; x_wconf 72' lang='lat' dir='ltr'>step.</span> <span class='ocrx_word' id='word_1_230' title='bbox 1124 3979 1273 4074; x_wconf 38' lang='lat' dir='ltr'>&#39;‘fii-⁶3⁸·</span> 
     </span>
    </p>
   </div>
   <div class='ocr_carea' id='block_1_4' title="bbox 0 0 1468 5168">
    <p class='ocr_par' dir='ltr' id='par_1_9' title="bbox 0 0 1468 5168">
     <span class='ocr_line' id='line_1_32' title="bbox 0 0 1468 5168; baseline 0 0"><span class='ocrx_word' id='word_1_231' title='bbox 0 0 1468 5168; x_wconf 95' lang='lat' dir='ltr'> </span> 
     </span>
    </p>
   </div>
  </div>
 </body>
</html>
