2896 5168
611 472 803 534 -226-

243 645 437 730 firmandam
458 649 672 736 colendamque
693 649 801 727 ducit,
832 671 927 735 quum
948 651 1028 717 Deos
1049 673 1109 716 estc
1128 673 1182 718 as·

250 770 340 831 seris.
403 766 465 831 Sed
491 767 703 849 improborum
735 766 987 853 iniustorumque
1016 769 1181 833 hominum

251 884 377 966 publice
411 884 617 966 privatimque
647 903 832 964 successus,
866 885 941 966 qui,
975 887 1046 952 licet
1076 904 1186 951 revera

249 999 357 1068 felices
381 1020 444 1067 non
468 1002 551 1081 sint,
576 1004 672 1087 vulgo
696 1021 797 1068 tamen
820 1001 927 1068 felices
954 1003 1126 1082 habentur,
1149 998 1203 1066 et'

251 1120 439 1186 carminibus
469 1120 649 1201 frequenter
674 1142 708 1186 ac
739 1120 936 1186 sermonibus
965 1121 1185 1199 extolluntur,

253 1252 368 1304 temere
392 1239 431 1303 ad
460 1237 644 1321 impietatem
682 1253 714 1304 te
743 1238 940 1322 praecipitem
973 1252 1086 1320 agunt:
1131 1236 1185 1299 vel

256 1355 370 1435 etiam,
400 1374 469 1422 cum
487 1358 637 1421 scelestos
657 1356 798 1420 homines
820 1356 924 1421 videas
947 1356 992 1421 sic
1015 1356 1053 1420 ad
1079 1371 1191 1418 senec·

256 1489 353 1539 tutem
380 1473 561 1556 pervenire,
597 1489 632 1538 ut
653 1470 736 1539 filios
762 1464 856 1554 atque
881 1487 1012 1555 nepotes
1043 1468 1187 1535 maximis

256 1592 481 1658 condecoratus
509 1590 682 1657 honoribus
712 1591 909 1672 relinquant,
941 1607 1088 1671 perquam
1116 1602 1188 1652 tur-

256 1711 351 1779 baris.
403 1711 570 1791 Propterea
589 1728 660 1774 cum
682 1711 769 1774 Deos
791 1709 899 1772 harum
921 1725 1021 1771 rerum
1043 1717 1189 1770 auctores

259 1845 349 1906 esse,
370 1841 500 1908 propter
527 1824 624 1908 ipsam
653 1843 723 1890 cum
751 1824 812 1889 illis
837 1824 1077 1906 cognationem,
1099 1824 1192 1887 incu-

258 1961 348 2022 sare,
371 1941 467 2023 inque
493 1962 547 2007 eos
576 1962 701 2024 peccare
723 1942 829 2022 nolis,
851 1943 913 2006 huc
937 1943 1058 2006 taudem
1083 1941 1191 2024 delap-

259 2077 315 2123 sus
333 2077 391 2139 es,
413 2075 471 2139 ut,
492 2060 564 2123 iicet
588 2060 674 2124 Deos
692 2079 761 2123 esse
780 2059 947 2138 arbitrere,
971 2059 1117 2124 lrttmanas
1141 2075 1188 2125 ta·

260 2192 329 2238 men
359 2193 408 2240 res
433 2174 471 2239 ab
500 2176 559 2240 iliis
586 2176 700 2259 negligi
729 2177 849 2244 credas.
913 2178 964 2243 Ne
989 2176 1084 2260 igitur
1110 2179 1189 2243 haec

258 2288 367 2371 opinio
390 2290 428 2354 ad
449 2291 619 2373 grauiorem
651 2308 683 2358 te
710 2294 803 2358 ducat
828 2294 992 2377 impietatis
1019 2293 1189 2376 morbum,

260 2407 453 2488 remedium,
476 2428 534 2490 pro
553 2407 672 2474 viribus
694 2412 874 2493 opinionem
898 2413 976 2478 hanc
996 2411 1192 2493 refutantes,

256 2523 470 2590 adhibeamus.
484 2523 526 2592 (¹)

302 2643 457 2709 Proicere
478 2663 515 2710 ex
535 2644 584 2709 his
607 2645 741 2711 Platonis
769 2646 848 2711 locis
870 2645 968 2710 Stoici
995 2645 1195 2726 debuerant,

258 2778 355 2841 quum
376 2761 525 2827 adversus
545 2762 718 2843 Epicureos
740 2762 920 2828 senteutiam
948 2783 1033 2829 suant
1054 2766 1093 2829 de
1114 2763 1190 2831 Diis

260 2896 431 2959 eorumque
453 2878 648 2960 providentia
669 2897 913 2962 propugnarent.
947 2881 1122 2947 Humanius
1143 2902 1194 2948 sa·

262 3013 301 3058 ne
330 3010 361 3058 et
388 2994 531 3077 profecto
559 3000 673 3081 tnujore
701 3016 770 3061 cum
800 2997 1002 3080 persuasione
1024 3000 1189 3069 dixissent.

262 3112 332 3176 Nec
354 3132 429 3177 vcro
450 3113 556 3193 Plato,
590 3114 675 3193 quod
695 3115 790 3195 ipsum
810 3116 920 3179 attinet
937 3116 978 3179 rei
999 3117 1193 3183 demonstra·

262 3230 377 3294 tionem
389 3275 400 3308 ‚
412 3229 549 3310 minore,
568 3231 736 3312 quantilli,
754 3231 931 3314 disputandi
942 3234 1101 3318 diligentis
1112 3254 1191 3302 usus

261 3362 324 3412 est.
366 3347 499 3412 Praeivit
509 3347 548 3412 iis
561 3349 708 3429 optimam
720 3396 731 3428 ,
743 3368 833 3429 quam
847 3367 1050 3430 sequerentur
1059 3372 1093 3417 ac
1104 3366 1192 3418 tene·

263 3477 351 3541 rent,
364 3464 456 3528 viam.
491 3463 541 3527 Sic
554 3466 636 3544 apud
648 3484 716 3529 eum
728 3483 823 3546 porro
835 3466 961 3549 Hospes
975 3468 1047 3548 iile,
1061 3472 1110 3535 vei
1121 3472 1191 3552 ipse

261 3580 369 3660 potius
388 3599 494 3645 senex.
539 3580 614 3644 Non
627 3582 685 3645 erit
701 3580 807 3646 forsan
818 3584 939 3650 difficile
955 3588 1189 3670 demonstrare,

261 3699 347 3763 Deos
368 3716 432 3761 non
450 3697 553 3762 miuus
574 3698 768 3762 minimarum
787 3720 906 3781 rerum,
936 3722 1025 3785 quam
1046 3702 1191 3770 maxima·

260 3832 463 3894 rum,curam
477 3815 601 3879 habere.
629 3816 717 3898 rige,
729 3834 832 3882 nonne
842 3834 1058 3901 temperantem
1072 3838 1190 3887 esseae

1141 3957 1192 4004 Sa·

297 4068 343 4135 (r)
360 4066 405 4120 Dr
416 4067 502 4133 Legg.
520 4064 556 4117 Χ.
574 4068 623 4134 899
635 4067 673 4121 Ι).
684 4096 712 4112 ·-
726 4089 775 4139 9⁰0
791 4074 818 4124 Β.
