<?xml version="1.0" encoding="UTF-8"?>
<!DOCTYPE html PUBLIC "-//W3C//DTD XHTML 1.0 Transitional//EN"
    "http://www.w3.org/TR/xhtml1/DTD/xhtml1-transitional.dtd">
<html xmlns="http://www.w3.org/1999/xhtml" xml:lang="en" lang="en">
 <head>
  <title>
</title>
<meta http-equiv="Content-Type" content="text/html;charset=utf-8" />
  <meta name='ocr-system' content='tesseract 3.04.00' />
  <meta name='ocr-capabilities' content='ocr_page ocr_carea ocr_par ocr_line ocrx_word'/>
</head>
<body>
  <div class='ocr_page' id='page_1' title='image "./initiaphilosoph04heusgoog_0324.png"; bbox 0 0 2896 5168; ppageno 0'>
   <div class='ocr_carea' id='block_1_1' title="bbox 648 433 829 497">
    <p class='ocr_par' dir='ltr' id='par_1_1' title="bbox 648 433 829 497">
     <span class='ocr_line' id='line_1_1' title="bbox 648 433 829 497; baseline -0.006 -28"><span class='ocrx_word' id='word_1_1' title='bbox 648 433 829 497; x_wconf 60' lang='lat'>,44,..</span> 
     </span>
    </p>
   </div>
   <div class='ocr_carea' id='block_1_2' title="bbox 175 589 1293 2329">
    <p class='ocr_par' dir='ltr' id='par_1_2' title="bbox 175 589 1293 2329">
     <span class='ocr_line' id='line_1_2' title="bbox 175 589 1202 676; baseline 0.008 -12"><span class='ocrx_word' id='word_1_2' title='bbox 175 670 178 676; x_wconf 58' lang='grc'>,</span> <span class='ocrx_word' id='word_1_3' title='bbox 272 607 304 664; x_wconf 87' lang='lat' dir='ltr'><strong>et</strong></span> <span class='ocrx_word' id='word_1_4' title='bbox 326 589 446 676; x_wconf 80' lang='lat' dir='ltr'><strong>singnis</strong></span> <span class='ocrx_word' id='word_1_5' title='bbox 476 590 518 660; x_wconf 84' lang='lat' dir='ltr'><strong>ita</strong></span> <span class='ocrx_word' id='word_1_6' title='bbox 544 607 576 660; x_wconf 89' lang='lat' dir='ltr'><strong>et</strong></span> <span class='ocrx_word' id='word_1_7' title='bbox 593 591 726 660; x_wconf 86' lang='lat' dir='ltr'><strong>dicimus</strong></span> <span class='ocrx_word' id='word_1_8' title='bbox 741 601 936 664; x_wconf 85' lang='lat' dir='ltr'><strong>et&#39;scrmone</strong></span> <span class='ocrx_word' id='word_1_9' title='bbox 957 599 1136 674; x_wconf 83' lang='lat' dir='ltr'><strong>definimus.</strong></span> <span class='ocrx_word' id='word_1_10' title='bbox 1158 646 1202 662; x_wconf 89' lang='lat'><em>-</em></span> 
     </span>
     <span class='ocr_line' id='line_1_3' title="bbox 266 711 1204 803; baseline 0.013 -23"><span class='ocrx_word' id='word_1_11' title='bbox 266 711 410 780; x_wconf 76' lang='lat' dir='ltr'><strong>Dicimus</strong></span> <span class='ocrx_word' id='word_1_12' title='bbox 445 728 532 780; x_wconf 84' lang='lat' dir='ltr'><strong>sane.</strong></span> <span class='ocrx_word' id='word_1_13' title='bbox 553 747 601 765; x_wconf 91' lang='lat'>-</span> <span class='ocrx_word' id='word_1_14' title='bbox 621 712 722 796; x_wconf 83' lang='lat' dir='ltr'><strong>Atqui</strong></span> <span class='ocrx_word' id='word_1_15' title='bbox 740 728 772 781; x_wconf 88' lang='lat' dir='ltr'><strong>et</strong></span> <span class='ocrx_word' id='word_1_16' title='bbox 789 715 891 800; x_wconf 87' lang='lat' dir='ltr'><strong>ipsum</strong></span> <span class='ocrx_word' id='word_1_17' title='bbox 912 719 1056 803; x_wconf 88' lang='lat' dir='ltr'><strong>pulcrum</strong></span> <span class='ocrx_word' id='word_1_18' title='bbox 1084 726 1204 791; x_wconf 81' lang='lat' dir='ltr'><strong>etbo·</strong></span> 
     </span>
     <span class='ocr_line' id='line_1_4' title="bbox 267 829 1203 914; baseline 0.01 -15"><span class='ocrx_word' id='word_1_19' title='bbox 267 847 345 899; x_wconf 85' lang='lat' dir='ltr'><strong>uum</strong></span> <span class='ocrx_word' id='word_1_20' title='bbox 377 829 481 914; x_wconf 89' lang='lat' dir='ltr'><strong>ipsum</strong></span> <span class='ocrx_word' id='word_1_21' title='bbox 510 844 543 895; x_wconf 89' lang='lat' dir='ltr'><strong>et</strong></span> <span class='ocrx_word' id='word_1_22' title='bbox 572 829 699 909; x_wconf 84' lang='lat' dir='ltr'><strong>omnin,</strong></span> <span class='ocrx_word' id='word_1_23' title='bbox 730 850 810 914; x_wconf 85' lang='lat' dir='ltr'><strong>quac</strong></span> <span class='ocrx_word' id='word_1_24' title='bbox 831 849 907 900; x_wconf 91' lang='lat' dir='ltr'><strong>tunc</strong></span> <span class='ocrx_word' id='word_1_25' title='bbox 931 851 966 901; x_wconf 93' lang='lat' dir='ltr'><strong>ut</strong></span> <span class='ocrx_word' id='word_1_26' title='bbox 991 840 1088 905; x_wconf 85' lang='lat' dir='ltr'><strong>multa</strong></span> <span class='ocrx_word' id='word_1_27' title='bbox 1118 841 1203 908; x_wconf 83' lang='lat' dir='ltr'><strong>dixi-</strong></span> 
     </span>
     <span class='ocr_line' id='line_1_5' title="bbox 266 947 1202 1040; baseline 0.009 -26"><span class='ocrx_word' id='word_1_28' title='bbox 266 965 358 1028; x_wconf 85' lang='lat' dir='ltr'><strong>mus,</strong></span> <span class='ocrx_word' id='word_1_29' title='bbox 381 966 491 1013; x_wconf 90' lang='lat' dir='ltr'><strong>rursus</strong></span> <span class='ocrx_word' id='word_1_30' title='bbox 517 947 666 1014; x_wconf 84' lang='lat' dir='ltr'><strong>adunam</strong></span> <span class='ocrx_word' id='word_1_31' title='bbox 700 949 796 1017; x_wconf 83' lang='lat' dir='ltr'><strong>ideam</strong></span> <span class='ocrx_word' id='word_1_32' title='bbox 817 950 1012 1035; x_wconf 84' lang='lat' dir='ltr'><strong>referentes,</strong></span> <span class='ocrx_word' id='word_1_33' title='bbox 1034 956 1091 1036; x_wconf 85' lang='lat' dir='ltr'><strong>id,</strong></span> <span class='ocrx_word' id='word_1_34' title='bbox 1115 959 1202 1040; x_wconf 87' lang='lat' dir='ltr'><strong>quod</strong></span> 
     </span>
     <span class='ocr_line' id='line_1_6' title="bbox 266 1062 1200 1156; baseline 0.012 -27"><span class='ocrx_word' id='word_1_35' title='bbox 266 1065 517 1147; x_wconf 85' lang='lat' dir='ltr'><strong>unumquodque</strong></span> <span class='ocrx_word' id='word_1_36' title='bbox 551 1079 622 1143; x_wconf 84' lang='lat' dir='ltr'><strong>est,</strong></span> <span class='ocrx_word' id='word_1_37' title='bbox 654 1070 881 1151; x_wconf 72' lang='lat' dir='ltr'><strong>appellamus:</strong></span> <span class='ocrx_word' id='word_1_38' title='bbox 930 1062 961 1136; x_wconf 87' lang='lat' dir='ltr'><strong>et</strong></span> <span class='ocrx_word' id='word_1_39' title='bbox 987 1072 1039 1138; x_wconf 85' lang='lat' dir='ltr'><strong>ilia</strong></span> <span class='ocrx_word' id='word_1_40' title='bbox 1074 1073 1200 1156; x_wconf 85' lang='lat' dir='ltr'><strong>quidum</strong></span> 
     </span>
     <span class='ocr_line' id='line_1_7' title="bbox 264 1172 1293 1276; baseline 0.014 -30"><span class='ocrx_word' id='word_1_41' title='bbox 264 1172 350 1247; x_wconf 79' lang='lat' dir='ltr'><strong>cerni</strong></span> <span class='ocrx_word' id='word_1_42' title='bbox 374 1182 528 1267; x_wconf 78' lang='lat' dir='ltr'><strong>dicimus,</strong></span> <span class='ocrx_word' id='word_1_43' title='bbox 559 1202 625 1250; x_wconf 91' lang='lat' dir='ltr'><strong>non</strong></span> <span class='ocrx_word' id='word_1_44' title='bbox 647 1184 804 1271; x_wconf 82' lang='lat' dir='ltr'><strong>intelligi,</strong></span> <span class='ocrx_word' id='word_1_45' title='bbox 827 1186 910 1253; x_wconf 82' lang='lat' dir='ltr'><strong>ideas</strong></span> <span class='ocrx_word' id='word_1_46' title='bbox 935 1208 1011 1254; x_wconf 84' lang='lat' dir='ltr'><strong>vero</strong></span> <span class='ocrx_word' id='word_1_47' title='bbox 1045 1191 1211 1276; x_wconf 56' lang='lat' dir='ltr'><strong>inteligi„</strong></span> <span class='ocrx_word' id='word_1_48' title='bbox 1292 1245 1293 1248; x_wconf 63' lang='lat'>,</span> 
     </span>
     <span class='ocr_line' id='line_1_8' title="bbox 265 1296 1197 1391; baseline 0.011 -26"><span class='ocrx_word' id='word_1_49' title='bbox 265 1296 332 1365; x_wconf 81' lang='lat' dir='ltr'><strong>non</strong></span> <span class='ocrx_word' id='word_1_50' title='bbox 359 1301 457 1368; x_wconf 86' lang='lat' dir='ltr'><strong>cemi.</strong></span> <span class='ocrx_word' id='word_1_51' title='bbox 491 1340 535 1356; x_wconf 90' lang='lat'><em>-</em></span> <span class='ocrx_word' id='word_1_52' title='bbox 566 1301 718 1368; x_wconf 84' lang='lat' dir='ltr'><strong>omnino.</strong></span> <span class='ocrx_word' id='word_1_53' title='bbox 751 1341 798 1358; x_wconf 90' lang='lat'>-</span> <span class='ocrx_word' id='word_1_54' title='bbox 828 1304 904 1391; x_wconf 87' lang='lat' dir='ltr'><strong>Quo</strong></span> <span class='ocrx_word' id='word_1_55' title='bbox 935 1305 1033 1390; x_wconf 88' lang='lat' dir='ltr'><strong>igitur</strong></span> <span class='ocrx_word' id='word_1_56' title='bbox 1064 1325 1197 1388; x_wconf 84' lang='lat' dir='ltr'><strong>eorum,</strong></span> 
     </span>
     <span class='ocr_line' id='line_1_9' title="bbox 264 1417 1201 1503; baseline 0.005 -19"><span class='ocrx_word' id='word_1_57' title='bbox 264 1426 345 1500; x_wconf 76' lang='lat' dir='ltr'><strong>quae</strong></span> <span class='ocrx_word' id='word_1_58' title='bbox 382 1417 556 1501; x_wconf 85' lang='lat' dir='ltr'><strong>habemus,</strong></span> <span class='ocrx_word' id='word_1_59' title='bbox 596 1419 817 1503; x_wconf 86' lang='lat' dir='ltr'><strong>adspectabilia</strong></span> <span class='ocrx_word' id='word_1_60' title='bbox 851 1420 1049 1488; x_wconf 62' lang='lat' dir='ltr'><strong>cernimus?</strong></span> <span class='ocrx_word' id='word_1_61' title='bbox 1066 1461 1111 1478; x_wconf 89' lang='lat'><em>-</em></span> <span class='ocrx_word' id='word_1_62' title='bbox 1140 1423 1201 1490; x_wconf 92' lang='lat' dir='ltr'><strong>Vi·</strong></span> 
     </span>
     <span class='ocr_line' id='line_1_10' title="bbox 264 1519 1207 1622; baseline 0.002 -20"><span class='ocrx_word' id='word_1_63' title='bbox 264 1519 317 1603; x_wconf 62' lang='lat' dir='ltr'><strong>suss</strong></span> <span class='ocrx_word' id='word_1_64' title='bbox 350 1574 395 1589; x_wconf 90' lang='lat'><em>-</em></span> <span class='ocrx_word' id='word_1_65' title='bbox 424 1536 543 1615; x_wconf 82' lang='lat' dir='ltr'><strong>Nonne</strong></span> <span class='ocrx_word' id='word_1_66' title='bbox 569 1552 601 1603; x_wconf 90' lang='lat' dir='ltr'><strong>ct</strong></span> <span class='ocrx_word' id='word_1_67' title='bbox 625 1537 754 1618; x_wconf 86' lang='lat' dir='ltr'><strong>auditu,</strong></span> <span class='ocrx_word' id='word_1_68' title='bbox 776 1558 858 1622; x_wconf 85' lang='lat' dir='ltr'><strong>quae</strong></span> <span class='ocrx_word' id='word_1_69' title='bbox 887 1539 1056 1606; x_wconf 79' lang='lat' dir='ltr'><strong>audiuntur</strong></span> <span class='ocrx_word' id='word_1_70' title='bbox 1075 1553 1108 1604; x_wconf 87' lang='lat' dir='ltr'><strong>ct</strong></span> <span class='ocrx_word' id='word_1_71' title='bbox 1131 1538 1207 1613; x_wconf 72' lang='lat' dir='ltr'><strong>cse‘</strong></span> 
     </span>
     <span class='ocr_line' id='line_1_11' title="bbox 245 1651 1200 1741; baseline 0.003 -22"><span class='ocrx_word' id='word_1_72' title='bbox 245 1651 341 1719; x_wconf 66' lang='lat' dir='ltr'><strong>&#39;teris</strong></span> <span class='ocrx_word' id='word_1_73' title='bbox 357 1654 504 1721; x_wconf 85' lang='lat' dir='ltr'><strong>sensibus</strong></span> <span class='ocrx_word' id='word_1_74' title='bbox 521 1654 667 1741; x_wconf 84' lang='lat' dir='ltr'><strong>singula,</strong></span> <span class='ocrx_word' id='word_1_75' title='bbox 690 1674 771 1738; x_wconf 86' lang='lat' dir='ltr'><strong>quae</strong></span> <span class='ocrx_word' id='word_1_76' title='bbox 793 1654 871 1739; x_wconf 83' lang='lat' dir='ltr'><strong>ipsis</strong></span> <span class='ocrx_word' id='word_1_77' title='bbox 894 1651 1200 1741; x_wconf 53' lang='lat' dir='ltr'><strong>percipiuntur?-</strong></span> 
     </span>
     <span class='ocr_line' id='line_1_12' title="bbox 261 1769 1200 1857; baseline 0.005 -21"><span class='ocrx_word' id='word_1_78' title='bbox 261 1769 411 1857; x_wconf 72' lang='lat' dir='ltr'><strong>Quidni?</strong></span> <span class='ocrx_word' id='word_1_79' title='bbox 432 1810 477 1825; x_wconf 90' lang='lat'>—</span> <span class='ocrx_word' id='word_1_80' title='bbox 497 1771 661 1854; x_wconf 87' lang='lat' dir='ltr'><strong>Numquid</strong></span> <span class='ocrx_word' id='word_1_81' title='bbox 681 1771 949 1855; x_wconf 83' lang='lat' dir='ltr'><strong>animadvertisti,</strong></span> <span class='ocrx_word' id='word_1_82' title='bbox 972 1793 1065 1856; x_wconf 85' lang='lat' dir='ltr'><strong>quarn</strong></span> <span class='ocrx_word' id='word_1_83' title='bbox 1086 1769 1200 1842; x_wconf 78' lang='lat' dir='ltr'><strong>erdmie</strong></span> 
     </span>
     <span class='ocr_line' id='line_1_13' title="bbox 261 1889 1199 1975; baseline 0.002 -20"><span class='ocrx_word' id='word_1_84' title='bbox 261 1890 493 1975; x_wconf 78' lang='lat' dir='ltr'><strong>praecaeteris</strong></span> <span class='ocrx_word' id='word_1_85' title='bbox 520 1890 668 1956; x_wconf 81' lang='lat' dir='ltr'><strong>sensibus</strong></span> <span class='ocrx_word' id='word_1_86' title='bbox 699 1906 848 1955; x_wconf 88' lang='lat' dir='ltr'><strong>sensuum</strong></span> <span class='ocrx_word' id='word_1_87' title='bbox 874 1903 985 1956; x_wconf 85' lang='lat' dir='ltr'><strong>auctor</strong></span> <span class='ocrx_word' id='word_1_88' title='bbox 1005 1889 1069 1956; x_wconf 89' lang='lat' dir='ltr'><strong>vim</strong></span> <span class='ocrx_word' id='word_1_89' title='bbox 1091 1891 1199 1957; x_wconf 85' lang='lat' dir='ltr'><strong>viden·</strong></span> 
     </span>
     <span class='ocr_line' id='line_1_14' title="bbox 262 2005 1197 2091; baseline 0 -18"><span class='ocrx_word' id='word_1_90' title='bbox 262 2006 315 2090; x_wconf 87' lang='lat' dir='ltr'><strong>di,</strong></span> <span class='ocrx_word' id='word_1_91' title='bbox 351 2026 478 2090; x_wconf 89' lang='lat' dir='ltr'><strong>quaque</strong></span> <span class='ocrx_word' id='word_1_92' title='bbox 512 2026 560 2074; x_wconf 89' lang='lat' dir='ltr'><strong>res</strong></span> <span class='ocrx_word' id='word_1_93' title='bbox 590 2006 762 2085; x_wconf 86' lang='lat' dir='ltr'><strong>videntur,</strong></span> <span class='ocrx_word' id='word_1_94' title='bbox 796 2005 990 2091; x_wconf 70' lang='lat' dir='ltr'><strong>perfecerit?</strong></span> <span class='ocrx_word' id='word_1_95' title='bbox 1031 2040 1078 2060; x_wconf 86' lang='lat'>-</span> <span class='ocrx_word' id='word_1_96' title='bbox 1118 2007 1197 2073; x_wconf 84' lang='lat' dir='ltr'><strong>Nou</strong></span> 
     </span>
     <span class='ocr_line' id='line_1_15' title="bbox 261 2124 1198 2210; baseline -0.001 -17"><span class='ocrx_word' id='word_1_97' title='bbox 261 2125 406 2208; x_wconf 84' lang='lat' dir='ltr'><strong>equidem</strong></span> <span class='ocrx_word' id='word_1_98' title='bbox 436 2142 636 2210; x_wconf 83' lang='lat' dir='ltr'><strong>magnopere.</strong></span> <span class='ocrx_word' id='word_1_99' title='bbox 658 2162 703 2178; x_wconf 93' lang='lat'><em>-</em></span> <span class='ocrx_word' id='word_1_100' title='bbox 725 2125 778 2190; x_wconf 88' lang='lat' dir='ltr'><strong>Sic</strong></span> <span class='ocrx_word' id='word_1_101' title='bbox 799 2143 875 2191; x_wconf 89' lang='lat' dir='ltr'><strong>vero</strong></span> <span class='ocrx_word' id='word_1_102' title='bbox 893 2124 1075 2194; x_wconf 79' lang='lat' dir='ltr'><strong>considera:</strong></span> <span class='ocrx_word' id='word_1_103' title='bbox 1107 2139 1198 2193; x_wconf 76' lang='lat' dir='ltr'><strong>estne</strong></span> 
     </span>
     <span class='ocr_line' id='line_1_16' title="bbox 258 2242 1199 2329; baseline 0.002 -21"><span class='ocrx_word' id='word_1_104' title='bbox 258 2242 377 2310; x_wconf 83' lang='lat' dir='ltr'><strong>auditui</strong></span> <span class='ocrx_word' id='word_1_105' title='bbox 402 2262 437 2309; x_wconf 86' lang='lat' dir='ltr'><strong>ac</strong></span> <span class='ocrx_word' id='word_1_106' title='bbox 465 2243 538 2310; x_wconf 83' lang='lat' dir='ltr'><strong>voci</strong></span> <span class='ocrx_word' id='word_1_107' title='bbox 564 2243 626 2309; x_wconf 83' lang='lat' dir='ltr'><strong>alio</strong></span> <span class='ocrx_word' id='word_1_108' title='bbox 649 2261 763 2329; x_wconf 86' lang='lat' dir='ltr'><strong>genere</strong></span> <span class='ocrx_word' id='word_1_109' title='bbox 791 2262 873 2328; x_wconf 90' lang='lat' dir='ltr'><strong>opus</strong></span> <span class='ocrx_word' id='word_1_110' title='bbox 894 2246 933 2310; x_wconf 88' lang='lat' dir='ltr'><strong>ad</strong></span> <span class='ocrx_word' id='word_1_111' title='bbox 962 2246 1046 2326; x_wconf 91' lang='lat' dir='ltr'><strong>hoc,</strong></span> <span class='ocrx_word' id='word_1_112' title='bbox 1078 2258 1116 2310; x_wconf 87' lang='lat' dir='ltr'><strong>ut</strong></span> <span class='ocrx_word' id='word_1_113' title='bbox 1144 2243 1199 2310; x_wconf 87' lang='lat' dir='ltr'><strong>ille</strong></span> 
     </span>
    </p>
   </div>
   <div class='ocr_carea' id='block_1_3' title="bbox 259 2352 1273 2557">
    <p class='ocr_par' dir='ltr' id='par_1_3' title="bbox 259 2352 1273 2557">
     <span class='ocr_line' id='line_1_17' title="bbox 260 2352 1273 2444; baseline 0.001 -16"><span class='ocrx_word' id='word_1_114' title='bbox 260 2361 385 2443; x_wconf 81' lang='lat' dir='ltr'><strong>audiat,</strong></span> <span class='ocrx_word' id='word_1_115' title='bbox 419 2363 495 2429; x_wconf 85' lang='lat' dir='ltr'><strong>haec</strong></span> <span class='ocrx_word' id='word_1_116' title='bbox 523 2361 685 2428; x_wconf 79' lang='lat' dir='ltr'><strong>audiatur:</strong></span> <span class='ocrx_word' id='word_1_117' title='bbox 731 2382 797 2444; x_wconf 89' lang='lat' dir='ltr'><strong>quo</strong></span> <span class='ocrx_word' id='word_1_118' title='bbox 821 2352 918 2428; x_wconf 82' lang='lat' dir='ltr'><strong>&#39;tertio</strong></span> <span class='ocrx_word' id='word_1_119' title='bbox 944 2363 1100 2442; x_wconf 79' lang='lat' dir='ltr'><strong>absente,</strong></span> <span class='ocrx_word' id='word_1_120' title='bbox 1143 2361 1199 2429; x_wconf 83' lang='lat' dir='ltr'><strong>ilie</strong></span> <span class='ocrx_word' id='word_1_121' title='bbox 1270 2389 1273 2392; x_wconf 46' lang='lat'><strong>&gt;</strong></span> 
     </span>
     <span class='ocr_line' id='line_1_18' title="bbox 259 2477 1197 2557; baseline -0.005 -11"><span class='ocrx_word' id='word_1_122' title='bbox 259 2495 326 2546; x_wconf 89' lang='lat' dir='ltr'><strong>nou</strong></span> <span class='ocrx_word' id='word_1_123' title='bbox 354 2480 485 2557; x_wconf 81' lang='lat' dir='ltr'><strong>audiet,</strong></span> <span class='ocrx_word' id='word_1_124' title='bbox 526 2479 601 2543; x_wconf 87' lang='lat' dir='ltr'><strong>haec</strong></span> <span class='ocrx_word' id='word_1_125' title='bbox 636 2495 703 2541; x_wconf 89' lang='lat' dir='ltr'><strong>non</strong></span> <span class='ocrx_word' id='word_1_126' title='bbox 738 2477 908 2541; x_wconf 72' lang='lat' dir='ltr'><strong>audietur?</strong></span> <span class='ocrx_word' id='word_1_127' title='bbox 950 2513 995 2528; x_wconf 89' lang='lat'><em>-</em></span> <span class='ocrx_word' id='word_1_128' title='bbox 1036 2477 1114 2542; x_wconf 90' lang='lat' dir='ltr'><strong>Nou</strong></span> <span class='ocrx_word' id='word_1_129' title='bbox 1146 2492 1197 2542; x_wconf 90' lang='lat' dir='ltr'><strong>est</strong></span> 
     </span>
    </p>
   </div>
   <div class='ocr_carea' id='block_1_4' title="bbox 206 2585 1266 2896">
    <p class='ocr_par' dir='ltr' id='par_1_4' title="bbox 206 2585 1266 2896">
     <span class='ocr_line' id='line_1_19' title="bbox 206 2585 1215 2684; baseline -0.002 -24"><span class='ocrx_word' id='word_1_130' title='bbox 206 2674 210 2684; x_wconf 26' lang='lat'><strong><em>¹</em></strong></span> <span class='ocrx_word' id='word_1_131' title='bbox 259 2585 355 2679; x_wconf 87' lang='lat' dir='ltr'><strong>opus.</strong></span> <span class='ocrx_word' id='word_1_132' title='bbox 386 2620 430 2646; x_wconf 66' lang='grc' dir='ltr'><strong>-ο</strong></span> <span class='ocrx_word' id='word_1_133' title='bbox 462 2594 591 2673; x_wconf 86' lang='lat' dir='ltr'><strong>Credo,</strong></span> <span class='ocrx_word' id='word_1_134' title='bbox 621 2591 691 2658; x_wconf 85' lang='lat' dir='ltr'><strong>aliis</strong></span> <span class='ocrx_word' id='word_1_135' title='bbox 719 2592 792 2658; x_wconf 88' lang='lat' dir='ltr'><strong>item</strong></span> <span class='ocrx_word' id='word_1_136' title='bbox 825 2590 973 2657; x_wconf 88' lang='lat' dir='ltr'><strong>sensibus</strong></span> <span class='ocrx_word' id='word_1_137' title='bbox 1001 2592 1133 2673; x_wconf 89' lang='lat' dir='ltr'><strong>multis,</strong></span> <span class='ocrx_word' id='word_1_138' title='bbox 1154 2610 1215 2668; x_wconf 57' lang='lat' dir='ltr'><strong>ne,</strong></span> 
     </span>
     <span class='ocr_line' id='line_1_20' title="bbox 258 2707 1193 2793; baseline -0.001 -17"><span class='ocrx_word' id='word_1_139' title='bbox 258 2709 358 2776; x_wconf 86' lang='lat' dir='ltr'><strong>dicam</strong></span> <span class='ocrx_word' id='word_1_140' title='bbox 388 2707 563 2788; x_wconf 89' lang='lat' dir='ltr'><strong>omnibus,</strong></span> <span class='ocrx_word' id='word_1_141' title='bbox 608 2710 697 2774; x_wconf 90' lang='lat' dir='ltr'><strong>nullo</strong></span> <span class='ocrx_word' id='word_1_142' title='bbox 727 2708 944 2793; x_wconf 85' lang='lat' dir='ltr'><strong>hujuscemodi</strong></span> <span class='ocrx_word' id='word_1_143' title='bbox 977 2726 1089 2793; x_wconf 83' lang='lat' dir='ltr'><strong>genere</strong></span> <span class='ocrx_word' id='word_1_144' title='bbox 1109 2727 1193 2793; x_wconf 88' lang='lat' dir='ltr'><strong>opus</strong></span> 
     </span>
     <span class='ocr_line' id='line_1_21' title="bbox 255 2824 1266 2896; baseline -0.004 -1"><span class='ocrx_word' id='word_1_145' title='bbox 255 2839 339 2896; x_wconf 80' lang='lat' dir='ltr'><strong>ease.</strong></span> <span class='ocrx_word' id='word_1_146' title='bbox 371 2824 490 2892; x_wconf 87' lang='lat' dir='ltr'><strong>Tibine</strong></span> <span class='ocrx_word' id='word_1_147' title='bbox 508 2843 584 2892; x_wconf 87' lang='lat' dir='ltr'><strong>vero</strong></span> <span class='ocrx_word' id='word_1_148' title='bbox 602 2827 786 2894; x_wconf 73' lang='lat' dir='ltr'><strong>succurrit?</strong></span> <span class='ocrx_word' id='word_1_149' title='bbox 806 2862 853 2878; x_wconf 92' lang='lat'><em>-</em></span> <span class='ocrx_word' id='word_1_150' title='bbox 873 2826 950 2895; x_wconf 92' lang='lat' dir='ltr'><strong>Non</strong></span> <span class='ocrx_word' id='word_1_151' title='bbox 965 2826 1133 2894; x_wconf 83' lang='lat' dir='ltr'><strong>succurrit.</strong></span> <span class='ocrx_word' id='word_1_152' title='bbox 1145 2859 1192 2881; x_wconf 71' lang='grc' dir='ltr'><strong>-ι</strong></span> <span class='ocrx_word' id='word_1_153' title='bbox 1264 2834 1266 2838; x_wconf 86' lang='grc'><strong>’</strong></span> 
     </span>
    </p>
   </div>
   <div class='ocr_carea' id='block_1_5' title="bbox 173 2943 1193 4092">
    <p class='ocr_par' dir='ltr' id='par_1_5' title="bbox 173 2943 1193 3395">
     <span class='ocr_line' id='line_1_22' title="bbox 230 2943 1193 3027; baseline 0.004 -18"><span class='ocrx_word' id='word_1_154' title='bbox 230 2943 331 3013; x_wconf 85' lang='lat' dir='ltr'><strong>&#39;Vim</strong></span> <span class='ocrx_word' id='word_1_155' title='bbox 352 2960 455 3014; x_wconf 89' lang='lat' dir='ltr'><strong>autem</strong></span> <span class='ocrx_word' id='word_1_156' title='bbox 486 2943 629 3011; x_wconf 88' lang='lat' dir='ltr'><strong>audiendi</strong></span> <span class='ocrx_word' id='word_1_157' title='bbox 639 2951 654 3023; x_wconf 84' lang='lat'><strong>‚&#39;</strong></span> <span class='ocrx_word' id='word_1_158' title='bbox 684 2962 810 3027; x_wconf 85' lang='lat' dir='ltr'><strong>quaque</strong></span> <span class='ocrx_word' id='word_1_159' title='bbox 838 2943 1054 3013; x_wconf 79' lang='lat' dir='ltr'><strong>res-visibiles</strong></span> <span class='ocrx_word' id='word_1_160' title='bbox 1084 2945 1193 3014; x_wconf 83' lang='lat' dir='ltr'><strong>vident·</strong></span> 
     </span>
     <span class='ocr_line' id='line_1_23' title="bbox 255 3063 1191 3155; baseline -0.001 -21"><span class='ocrx_word' id='word_1_161' title='bbox 255 3080 331 3148; x_wconf 86' lang='lat' dir='ltr'><strong>tur,</strong></span> <span class='ocrx_word' id='word_1_162' title='bbox 366 3083 475 3133; x_wconf 89' lang='lat' dir='ltr'><strong>noune</strong></span> <span class='ocrx_word' id='word_1_163' title='bbox 501 3082 542 3131; x_wconf 91' lang='lat' dir='ltr'><strong>eo</strong></span> <span class='ocrx_word' id='word_1_164' title='bbox 572 3063 710 3149; x_wconf 80' lang='lat' dir='ltr'><strong>indigere</strong></span> <span class='ocrx_word' id='word_1_165' title='bbox 740 3063 1018 3155; x_wconf 55' lang='lat' dir='ltr'><strong>animadvertisti?</strong></span> <span class='ocrx_word' id='word_1_166' title='bbox 1038 3085 1085 3117; x_wconf 91' lang='lat'><strong>—·-</strong></span> <span class='ocrx_word' id='word_1_167' title='bbox 1114 3064 1191 3150; x_wconf 90' lang='lat' dir='ltr'><strong>Quo</strong></span> 
     </span>
     <span class='ocr_line' id='line_1_24' title="bbox 255 3177 1190 3272; baseline -0.005 -20"><span class='ocrx_word' id='word_1_168' title='bbox 255 3185 375 3272; x_wconf 69' lang='lat' dir='ltr'><strong>patto?</strong></span> <span class='ocrx_word' id='word_1_169' title='bbox 417 3220 464 3238; x_wconf 91' lang='lat'>-</span> <span class='ocrx_word' id='word_1_170' title='bbox 504 3183 671 3250; x_wconf 89' lang='lat' dir='ltr'><strong>Praesente</strong></span> <span class='ocrx_word' id='word_1_171' title='bbox 710 3181 811 3248; x_wconf 82' lang='lat' dir='ltr'><strong>oculis</strong></span> <span class='ocrx_word' id='word_1_172' title='bbox 851 3181 946 3261; x_wconf 85' lang='lat' dir='ltr'><strong>visu,</strong></span> <span class='ocrx_word' id='word_1_173' title='bbox 979 3177 1129 3264; x_wconf 85' lang='lat' dir='ltr'><strong>ipsisque</strong></span> <span class='ocrx_word' id='word_1_174' title='bbox 1151 3183 1190 3247; x_wconf 85' lang='lat' dir='ltr'><strong>ad</strong></span> 
     </span>
     <span class='ocr_line' id='line_1_25' title="bbox 173 3294 1192 3395; baseline -0.004 -28"><span class='ocrx_word' id='word_1_175' title='bbox 173 3390 175 3395; x_wconf 23' lang='grc' dir='ltr'>Ι</span> <span class='ocrx_word' id='word_1_176' title='bbox 253 3301 423 3369; x_wconf 87' lang='lat' dir='ltr'><strong>videndum</strong></span> <span class='ocrx_word' id='word_1_177' title='bbox 457 3297 612 3378; x_wconf 89' lang='lat' dir='ltr'><strong>intensis,</strong></span> <span class='ocrx_word' id='word_1_178' title='bbox 655 3296 920 3382; x_wconf 81' lang='lat' dir='ltr'><strong>praesente-item</strong></span> <span class='ocrx_word' id='word_1_179' title='bbox 955 3299 1083 3378; x_wconf 83' lang='lat' dir='ltr'><strong>colore,</strong></span> <span class='ocrx_word' id='word_1_180' title='bbox 1126 3294 1192 3363; x_wconf 87' lang='lat' dir='ltr'><strong>nisi</strong></span> 
     </span>
    </p>

    <p class='ocr_par' dir='ltr' id='par_1_6' title="bbox 217 3402 1192 4092">
     <span class='ocr_line' id='line_1_26' title="bbox 217 3402 1186 3501; baseline 0.001 -16"><span class='ocrx_word' id='word_1_181' title='bbox 217 3423 218 3426; x_wconf 74' lang='grc'>’</span> <span class='ocrx_word' id='word_1_182' title='bbox 253 3402 334 3486; x_wconf 73' lang='lat' dir='ltr'><strong>adsit</strong></span> <span class='ocrx_word' id='word_1_183' title='bbox 363 3433 396 3483; x_wconf 89' lang='lat' dir='ltr'><strong>et</strong></span> <span class='ocrx_word' id='word_1_184' title='bbox 424 3435 525 3501; x_wconf 80' lang='lat' dir='ltr'><strong>genus</strong></span> <span class='ocrx_word' id='word_1_185' title='bbox 556 3415 709 3497; x_wconf 88' lang='lat' dir='ltr'><strong>tertium,</strong></span> <span class='ocrx_word' id='word_1_186' title='bbox 753 3419 881 3500; x_wconf 85' lang='lat' dir='ltr'><strong>proprie</strong></span> <span class='ocrx_word' id='word_1_187' title='bbox 912 3414 951 3480; x_wconf 85' lang='lat' dir='ltr'><strong>ad</strong></span> <span class='ocrx_word' id='word_1_188' title='bbox 985 3414 1046 3480; x_wconf 93' lang='lat' dir='ltr'><strong>hoc</strong></span> <span class='ocrx_word' id='word_1_189' title='bbox 1078 3408 1186 3500; x_wconf 57' lang='lat' dir='ltr'><strong>»ipsum</strong></span> 
     </span>
     <span class='ocr_line' id='line_1_27' title="bbox 252 3528 1192 3620; baseline 0 -17"><span class='ocrx_word' id='word_1_190' title='bbox 252 3539 364 3603; x_wconf 71' lang='lat' dir='ltr'><strong>natura</strong></span> <span class='ocrx_word' id='word_1_191' title='bbox 381 3551 510 3616; x_wconf 86' lang='lat' dir='ltr'><strong>aptum,</strong></span> <span class='ocrx_word' id='word_1_192' title='bbox 532 3532 710 3614; x_wconf 73' lang='lat' dir='ltr'><strong>scissuris,</strong></span> <span class='ocrx_word' id='word_1_193' title='bbox 733 3551 790 3612; x_wconf 83' lang='lat' dir='ltr'><strong>uec</strong></span> <span class='ocrx_word' id='word_1_194' title='bbox 806 3533 908 3600; x_wconf 88' lang='lat' dir='ltr'><strong>visum</strong></span> <span class='ocrx_word' id='word_1_195' title='bbox 933 3534 1073 3602; x_wconf 85' lang='lat' dir='ltr'><strong>visurum</strong></span> <span class='ocrx_word' id='word_1_196' title='bbox 1096 3528 1192 3620; x_wconf 51' lang='lat' dir='ltr'><strong>quid(</strong></span> 
     </span>
     <span class='ocr_line' id='line_1_28' title="bbox 253 3651 1188 3738; baseline 0.001 -20"><span class='ocrx_word' id='word_1_197' title='bbox 253 3671 346 3736; x_wconf 84' lang='lat' dir='ltr'><strong>quam</strong></span> <span class='ocrx_word' id='word_1_198' title='bbox 366 3669 437 3718; x_wconf 88' lang='lat' dir='ltr'><strong>esse</strong></span> <span class='ocrx_word' id='word_1_199' title='bbox 456 3664 487 3717; x_wconf 92' lang='lat' dir='ltr'><strong>ct</strong></span> <span class='ocrx_word' id='word_1_200' title='bbox 508 3653 632 3717; x_wconf 85' lang='lat' dir='ltr'><strong>colores</strong></span> <span class='ocrx_word' id='word_1_201' title='bbox 652 3651 778 3718; x_wconf 88' lang='lat' dir='ltr'><strong>futuros</strong></span> <span class='ocrx_word' id='word_1_202' title='bbox 802 3651 1001 3720; x_wconf 64' lang='lat' dir='ltr'><strong>invisibiles?</strong></span> <span class='ocrx_word' id='word_1_203' title='bbox 1021 3679 1067 3705; x_wconf 91' lang='lat'><strong>-·</strong></span> <span class='ocrx_word' id='word_1_204' title='bbox 1080 3655 1188 3738; x_wconf 64' lang='lat' dir='ltr'><strong>Quid</strong></span> 
     </span>
     <span class='ocr_line' id='line_1_29' title="bbox 252 3768 1188 3855; baseline -0.007 -15"><span class='ocrx_word' id='word_1_205' title='bbox 252 3776 323 3840; x_wconf 76' lang='lat' dir='ltr'><strong>mm</strong></span> <span class='ocrx_word' id='word_1_206' title='bbox 344 3769 377 3836; x_wconf 87' lang='lat' dir='ltr'><strong>id</strong></span> <span class='ocrx_word' id='word_1_207' title='bbox 392 3786 469 3838; x_wconf 56' lang='lat' dir='ltr'><strong>‘esse</strong></span> <span class='ocrx_word' id='word_1_208' title='bbox 490 3769 597 3835; x_wconf 75' lang='lat' dir='ltr'><strong>dicis?</strong></span> <span class='ocrx_word' id='word_1_209' title='bbox 628 3808 672 3823; x_wconf 92' lang='lat'>-</span> <span class='ocrx_word' id='word_1_210' title='bbox 701 3768 798 3855; x_wconf 87' lang='lat' dir='ltr'><strong>Quod</strong></span> <span class='ocrx_word' id='word_1_211' title='bbox 821 3781 855 3833; x_wconf 77' lang='lat' dir='ltr'><strong>tu</strong></span> <span class='ocrx_word' id='word_1_212' title='bbox 875 3772 977 3836; x_wconf 86' lang='lat' dir='ltr'><strong>lucem</strong></span> <span class='ocrx_word' id='word_1_213' title='bbox 1003 3787 1124 3834; x_wconf 78' lang='lat' dir='ltr'><strong>voces.-</strong></span> <span class='ocrx_word' id='word_1_214' title='bbox 1140 3782 1188 3820; x_wconf 68' lang='lat'>·-&#39;·</span> 
     </span>
     <span class='ocr_line' id='line_1_30' title="bbox 248 3873 1186 3970; baseline -0.003 -18"><span class='ocrx_word' id='word_1_215' title='bbox 248 3886 332 3952; x_wconf 83' lang='lat' dir='ltr'><strong>Vera</strong></span> <span class='ocrx_word' id='word_1_216' title='bbox 352 3887 510 3970; x_wconf 80' lang='lat' dir='ltr'><strong>loqueris.</strong></span> <span class='ocrx_word' id='word_1_217' title='bbox 542 3921 588 3937; x_wconf 90' lang='lat'><em>-</em></span> <span class='ocrx_word' id='word_1_218' title='bbox 619 3886 686 3952; x_wconf 86' lang='lat' dir='ltr'><strong>Res</strong></span> <span class='ocrx_word' id='word_1_219' title='bbox 708 3885 804 3970; x_wconf 70' lang='lat' dir='ltr'><strong>igitur</strong></span> <span class='ocrx_word' id='word_1_220' title='bbox 828 3900 894 3949; x_wconf 86' lang='lat' dir='ltr'><strong>non</strong></span> <span class='ocrx_word' id='word_1_221' title='bbox 917 3873 1160 3966; x_wconf 66' lang='lat' dir='ltr'><strong>contemnemus</strong></span> <span class='ocrx_word' id='word_1_222' title='bbox 1168 3877 1186 3960; x_wconf 73' lang='lat'><strong>‚¹</strong></span> 
     </span>
     <span class='ocr_line' id='line_1_31' title="bbox 247 3989 1185 4092; baseline -0.005 -21"><span class='ocrx_word' id='word_1_223' title='bbox 247 3997 387 4092; x_wconf 67' lang='lat' dir='ltr'><strong>videladi&#39;·</strong></span> <span class='ocrx_word' id='word_1_224' title='bbox 401 4019 513 4071; x_wconf 81' lang='lat' dir='ltr'><strong>sensus</strong></span> <span class='ocrx_word' id='word_1_225' title='bbox 534 4018 567 4068; x_wconf 91' lang='lat' dir='ltr'><strong>et</strong></span> <span class='ocrx_word' id='word_1_226' title='bbox 593 4001 643 4068; x_wconf 84' lang='lat' dir='ltr'><strong>vis</strong></span> <span class='ocrx_word' id='word_1_227' title='bbox 674 3998 900 4085; x_wconf 79' lang='lat' dir='ltr'><strong>qut-visibites</strong></span> <span class='ocrx_word' id='word_1_228' title='bbox 922 3989 1002 4066; x_wconf 82' lang='lat' dir='ltr'><strong>fiunt</strong></span> <span class='ocrx_word' id='word_1_229' title='bbox 1031 4015 1108 4078; x_wconf 65' lang='lat' dir='ltr'><strong>ros,</strong></span> <span class='ocrx_word' id='word_1_230' title='bbox 1132 3998 1185 4082; x_wconf 58' lang='grc' dir='ltr'><strong>ΙΨ</strong></span> 
     </span>
    </p>
   </div>
   <div class='ocr_carea' id='block_1_6' title="bbox 0 0 1452 5168">
    <p class='ocr_par' dir='ltr' id='par_1_7' title="bbox 0 0 1452 5168">
     <span class='ocr_line' id='line_1_32' title="bbox 0 0 1452 5168; baseline 0 5"><span class='ocrx_word' id='word_1_231' title='bbox 0 0 1452 5168; x_wconf 95' lang='lat' dir='ltr'><strong> </strong></span> 
     </span>
    </p>
   </div>
   <div class='ocr_carea' id='block_1_7' title="bbox 1142 4084 1315 4203">
    <p class='ocr_par' dir='ltr' id='par_1_8' title="bbox 1142 4084 1315 4203">
     <span class='ocr_line' id='line_1_33' title="bbox 1142 4084 1315 4203; baseline -0.006 0"><span class='ocrx_word' id='word_1_232' title='bbox 1142 4084 1315 4203; x_wconf 71' lang='grc' dir='ltr'><strong>80 </strong></span> 
     </span>
    </p>
   </div>
  </div>
 </body>
</html>
