2896 5168
647 524 839 572 *²112-

144 760 147 767 ,
202 675 205 680 ’
282 690 393 756 simum
421 707 457 753 ex
484 706 544 754 usu
573 686 615 753 slt
644 703 704 751 tam
732 684 885 769 singulis,
928 702 1020 768 quam
1051 684 1201 754 universo

277 805 382 869 coetui
403 823 439 868 ex
453 803 502 869 his
519 804 620 868 tribus
639 804 827 878 constituto.
847 841 892 855 -
912 805 1019 869 Certe.
1040 839 1087 856 -
1106 802 1202 870 Tem·

278 938 432 1001 perantem
461 938 568 985 rursus
597 920 730 1001 aliquem
760 921 950 1003 appellamus
976 921 1088 986 horum
1113 919 1202 1004 ipso·

276 1056 344 1104 rum
374 1038 508 1104 amicitia
538 1053 632 1118 atque
660 1038 849 1114 concordii,
873 1035 926 1101 ubi
947 1052 978 1101 et
1004 1038 1090 1118 quod
1115 1055 1202 1118 prae·

274 1171 345 1235 est,
368 1169 399 1219 et
428 1155 514 1235 quod
544 1154 676 1235 subest,
703 1154 737 1218 in
765 1153 946 1218 sententiam
974 1153 1099 1218 eandem
1126 1170 1202 1220 con·

273 1270 424 1352 veniunt,
445 1273 594 1336 rationem
620 1242 768 1352 imperare
796 1270 932 1351 debere,
964 1288 1066 1352 neque
1084 1270 1123 1337 ab
1146 1272 1198 1338 illll

273 1386 503 1452 desciscendum
528 1407 608 1452 esse.
630 1423 674 1439 —
696 1388 783 1452 Nihil
804 1404 877 1452 sane
902 1386 985 1452 aliud
1013 1387 1046 1451 in
1073 1384 1200 1454 civitate

272 1481 367 1586 atque
392 1504 424 1569 in
456 1503 580 1570 homine
607 1505 806 1586 temperantia
835 1518 895 1570 est.
925 1536 970 1554 -
1008 1503 1120 1589 justus
1146 1504 1200 1569 dc·

271 1619 368 1702 nique
397 1639 434 1687 ex
464 1639 502 1687 eo
531 1637 626 1702 atque
653 1619 694 1686 ita
725 1621 784 1687 erit
813 1620 967 1705 quisque,
997 1641 1037 1688 ex
1066 1640 1131 1704 qtro
1165 1636 1199 1688 et

270 1738 526 1820 quemadmodum
549 1758 640 1822 saepe
659 1740 720 1824 jam
753 1737 902 1805 diximus.
922 1772 970 1789 -
990 1737 1129 1804 Necesse
1149 1750 1199 1804 est

268 1873 411 1938 prorsus.
433 1889 481 1906 -
519 1859 562 1925 Ti
580 1856 648 1932 οὖνς
691 1856 734 1935 μή
754 1880 797 1932 arn
818 1880 849 1923 rt
868 1857 940 1936 ἡμῖν
959 1854 1197 1937 ἀπαμβλύνεται

269 1973 320 2039 acal
341 1972 419 2041 ἄλλο
438 1997 468 2041 τι
495 1974 658 2050 δικαιοσύνη
679 1975 760 2041 δοκεῖ
782 1968 855 2039 εἶναι
874 1971 892 2049 ἦ
911 1968 982 2055 ὅπερ
1002 1973 1033 2039 ἐν
1052 1981 1090 2054 τῇ
1108 1971 1196 2040 πέλει

266 2087 384 2170 ἐφάνης
428 2085 513 2169 Quid
534 2089 661 2170 igitur?
682 2107 758 2174 num·
775 2087 866 2169 sorte
891 2085 974 2152 nobis
998 2084 1125 2172 aliquid
1146 2084 1196 2152 ab·

266 2199 434 2279 tunditur,
456 2200 641 2290 ulciscarque
654 2202 748 2268 aliud
760 2201 840 2290 quid
855 2223 915 2268 aare
923 2201 1077 2284 justitia,
1098 2221 1193 2288 quam

265 2315 349 2404 quod
366 2334 439 2383 amc
457 2322 493 2382 in
511 2323 641 2386 civitate
660 2319 854 2387 videbatur?
874 2317 916 2386 (Ι)
937 2355 981 2371 -
1016 2317 1091 2382 Non
1116 2316 1194 2382 milri

266 2435 399 2504 videtur.
412 2433 454 2504 (ἱ)

379 2668 491 2758 Quid
515 2667 678 2736 tandem
709 2672 751 2735 ln
781 2671 871 2757 Ipso
900 2670 1076 2735 hominis

496 2786 845 2870 animo.jastitia
876 2791 967 2855 est?

301 3015 423 3100 Quodsi
444 3016 528 3100 jam,
551 3014 692 3082 instituta
712 2988 768 3079 hac
789 3014 924 3080 civitatis
950 3014 1085 3098 optimae
1113 3034 1185 3082 cum

258 3133 384 3197 homine
412 3131 662 3215 comparatione,
696 3132 769 3195 illuc
801 3131 1009 3210 revertimur,
1042 3132 1124 3197 uude
1152 3131 1186 3197 itt

257 3251 418 3315 condendi
439 3250 563 3314 civitate
582 3247 648 3324 orsi
668 3266 797 3328 sumus,
821 3266 1073 3329 unumquemque
1091 3266 1187 3330 opor·

257 3383 323 3432 tere
354 3385 444 3431 suum
475 3367 636 3450 negotium
664 3363 825 3443 factitare,
866 3361 957 3428 facile
985 3363 1078 3429 nobis
1108 3364 1186 3431 illud

254 3484 398 3567 assequi,
418 3484 505 3564 quod
520 3481 719 3565 quaerimus,
735 3479 852 3545 licebit.
891 3481 1048 3547 Videmur
1066 3480 1182 3559 nobis,

253 3600 295 3665 ait
319 3600 479 3681 Socrates,
512 3596 608 3678 quasi
624 3596 798 3678 divinitus,
829 3599 911 3667 κατὰ
931 3599 993 3668 leia
1017 3625 1108 3679 aava,
1139 3600 1182 3675 eit

1055 3724 1184 3806 ,ἆμ-

286 3900 327 3969 (t)
349 3897 436 3952 Locus
456 3907 619 3968 corruptura
644 3899 692 3954 aed
708 3901 857 3968 probabilia
873 3901 939 3956 llaec
954 3901 1081 3968 ridetur,
1099 3917 1180 3971 quam

249 3999 336 4059 accqti
356 4015 467 4062 comus,
495 3998 669 4054 Slallbaumii
691 3998 785 4057 laeuo.
838 4005 844 4013 “
912 4001 953 4071 (ι)
974 4003 1017 4053 Dr
1033 4003 1105 4070 clep·
1123 3996 1179 4054 IV·

250 4099 311 4155 lm.
322 4097 410 4173 ⁰2⁸⁸
426 4095 486 4154 441.
498 4096 535 4150 lt.
1247 4100 1249 4104 '
