2896 5168
581 503 754 568 -53..

195 665 481 752 e'stn'pro'viribus
502 682 711 748 propugnare.
727 659 770 736 (¹)
824 665 913 748 Quae
933 676 1003 727 cnm
1024 663 1134 730 uocr'r-

193 799 262 853 tem
282 784 434 848 dicentem
455 777 571 845 faceret
594 781 704 871 Pluto,
734 781 811 864 quin
837 800 914 847 suos
943 779 1011 862 ipse
1034 781 1072 845 de
1094 798 1133 844 te
1177 784 1181 789 ’

201 899 396 967 sanctissime
415 897 543 963 intimos
565 914 678 963 sensus
698 896 908 980 expresserit,
940 915 1054 977 nemo,
1075 895 1132 978 qui

191 1015 275 1083 daec
296 1014 395 1098 legit,
414 1012 448 1078 in
468 1010 598 1079 dubium
618 1017 790 1081 vocaverit.

208 1308 211 1312 .
315 1243 1028 1331 Jusrtrtarexqutrendaecaussas
1109 1269 1113 1295 τ

459 1365 621 1431 ciritae
648 1361 862 1449 fingitur.

187 1624 193 1657 ι
240 1597 328 1681 Ergo
354 1616 420 1680 quo
448 1593 571 1661 facilius
599 1595 767 1678 aptiusque
794 1594 1018 1679 gravissimum
1039 1612 1130 1678 trgu-

198 1728 336 1778 mentum
366 1712 511 1791 idemque
534 1710 747 1776 difficillimum
779 1711 970 1793 explicaret,
1001 1708 1060 1776 iter
1079 1710 1129 1775 iu·

141 1905 144 1914 Ι
188 1844 327 1910 ‚gressus
347 1827 437 1894 Pl:to
469 1841 518 1892 est
544 1826 797 1907 disquisitionis,
828 1828 917 1909 quod
936 1828 1128 1908 hrudsclo,

185 1960 422 2025 annunqusm
450 1962 468 2008 a
491 1937 883 2024 philosopho'tentatum‚
914 1920 1128 2010 nedum'eou·

185 2059 314 2127 ¹doctum
343 2057 397 2125 sit.
442 2057 585 2127 cumin
616 2058 765 2142 singulari
795 2058 940 2141 homine,
962 2061 1040 2142 quid
1055 2063 1132 2144 jus·

169 2175 268 2266 stitit
288 2175 349 2258 sit,
368 2193 446 2270 non
470 2190 633 2260 tpptreat,
664 2176 817 2244 continuo
838 2177 870 2243 in
890 2176 1046 2243 civitatem
1067 2193 1128 2247 uos

199 2290 319 2359 inducit
327 2333 341 2374 ,‚
363 2293 396 2357 in
420 2311 481 2376 qua
502 2309 562 2356 nos
590 2310 677 2371 eam,
700 2291 820 2376 quippe
846 2294 878 2358 in
899 2293 1014 2378 maiore
1032 2306 1129 2374 atque

197 2411 349 2492 ampliore
379 2411 533 2493 negotio,
566 2407 695 2474 celerius
735 2411 913 2491 certiusque
944 2410 1129 2497 inventuros

185 2525 379 2594 arbitretur.
444 2525 529 2590 llaec
555 2544 636 2590 nova
660 2540 708 2590 est
736 2527 786 2590 illa
811 2524 1004 2606 disquirendi
1025 2504 1140 2603 retina

185 2645 375 2726 :quae‚'-ut
404 2642 438 2707 in
462 2640 625 2724 prooemio
651 2640 915 2723 significavimus,
958 2659 1019 2712 unu
1054 2656 1126 2705 cun

185 2758 307 2826 ¹arorali
331 2758 493 2836 doctrine,
524 2754 681 2840 politicum
712 2757 803 2821 nubis
833 2757 990 2823 recludete
1035 2756 1130 2837 idque

198 2872 346 2940 effectura
374 2888 440 2953 est,
467 2872 558 2936 utin
586 2871 711 2936 civitate
735 2869 914 2950 homiuem,
944 2871 976 2935 in
1004 2870 1130 2965 homine

199 2990 356 3056 civitatem
386 3003 416 3053 et
445 3005 649 3071 agnoscamus
679 3003 710 3050 ec
742 2987 953 3069 exploremus.
1013 2986 1132 3071 Qutnr·

201 3122 295 3186 quum
322 3104 355 3169 id
385 3122 455 3168 raro
479 3118 511 3168 et
535 3103 686 3183 vixdum,
716 3105 802 3184 quod
823 3102 934 3169 mirum
956 3102 1049 3169 nobis
1079 3123 1132 3170 rc·

201 3220 285 3288 cidat
301 3238 444 3286 rnecesse
474 3234 547 3301 est,
599 3219 878 3286 animadverterunt
913 3219 1132 3304 philosophiae

198 3337 374 3406 Platonicae
395 3338 590 3419 interpretes.
654 3338 758 3420 Longi
789 3353 863 3402 sunt
890 3337 955 3403 fere
989 3341 1020 3401 in
1047 3337 1132 3419 judi·

181 3449 331 3522 dicandi
353 3454 513 3538 republicd
531 3455 707 3533 Platonici,
738 3472 828 3535 quarn
851 3454 900 3518 vel
925 3452 1053 3518 laudant
1079 3450 1132 3516 ad·

180 3570 414 3653 nitunturque
452 3573 648 3637 vehementer
675 3572 726 3635 vel
754 3570 1005 3653 reprehendunt;
1064 3587 1131 3651 quo

198 3704 276 3754 vero
309 3685 475 3770 proposito
509 3706 573 3752 earn
609 3686 731 3752 finxerit
760 3701 889 3763 unctor,
932 3684 1071 3765 quidque
1096 3683 1131 3749 iu

182 3801 388 3888 perficiendo
416 3803 605 3886 proposito,
631 3804 669 3869 ad
689 3803 832 3868 moralem
852 3801 884 3867 in
904 3799 1012 3883 primis
1038 3800 1132 3869 disci·
1233 3785 1235 3789 ’

1072 3917 1133 4001 pll-

233 4061 276 4132 ει)
295 4064 365 4135 nep.
384 4062 425 4118 n.
446 4062 599 4118 sset-c.
