<?xml version="1.0" encoding="UTF-8"?>
<!DOCTYPE html PUBLIC "-//W3C//DTD XHTML 1.0 Transitional//EN"
    "http://www.w3.org/TR/xhtml1/DTD/xhtml1-transitional.dtd">
<html xmlns="http://www.w3.org/1999/xhtml" xml:lang="en" lang="en">
 <head>
  <title>
</title>
<meta http-equiv="Content-Type" content="text/html;charset=utf-8" />
  <meta name='ocr-system' content='tesseract 3.04.00' />
  <meta name='ocr-capabilities' content='ocr_page ocr_carea ocr_par ocr_line ocrx_word'/>
</head>
<body>
  <div class='ocr_page' id='page_1' title='image "./initiaphilosoph04heusgoog_0189.png"; bbox 0 0 2896 5168; ppageno 0'>
   <div class='ocr_carea' id='block_1_1' title="bbox 801 504 993 584">
    <p class='ocr_par' dir='ltr' id='par_1_1' title="bbox 801 504 993 584">
     <span class='ocr_line' id='line_1_1' title="bbox 801 504 993 584; baseline 0.031 -29"><span class='ocrx_word' id='word_1_1' title='bbox 801 504 993 584; x_wconf 69' lang='lat'><em>...184—</em></span> 
     </span>
    </p>
   </div>
   <div class='ocr_carea' id='block_1_2' title="bbox 424 684 1373 3689">
    <p class='ocr_par' dir='ltr' id='par_1_2' title="bbox 426 684 1360 1353">
     <span class='ocr_line' id='line_1_2' title="bbox 426 684 1357 779; baseline 0.01 -28"><span class='ocrx_word' id='word_1_2' title='bbox 426 687 502 763; x_wconf 73' lang='lat' dir='ltr'><em>stol,</em></span> <span class='ocrx_word' id='word_1_3' title='bbox 534 686 716 779; x_wconf 67' lang='lat' dir='ltr'><em>citrinos</em></span> <span class='ocrx_word' id='word_1_4' title='bbox 743 684 937 762; x_wconf 72' lang='grc' dir='ltr'><strong><em>ἐλθόντες.</em></strong></span> <span class='ocrx_word' id='word_1_5' title='bbox 959 687 1008 756; x_wconf 71' lang='grc' dir='ltr'><em>τά</em></span> <span class='ocrx_word' id='word_1_6' title='bbox 1027 712 1068 756; x_wconf 75' lang='lat' dir='ltr'><em>rt</em></span> <span class='ocrx_word' id='word_1_7' title='bbox 1088 684 1186 757; x_wconf 73' lang='lat' dir='ltr'><em>dita</em></span> <span class='ocrx_word' id='word_1_8' title='bbox 1204 691 1357 773; x_wconf 67' lang='grc' dir='ltr'>λαμβά-</span> 
     </span>
     <span class='ocr_line' id='line_1_3' title="bbox 429 799 1356 888; baseline 0.008 -20"><span class='ocrx_word' id='word_1_9' title='bbox 429 826 525 868; x_wconf 79' lang='lat' dir='ltr'><em>reuss</em></span> <span class='ocrx_word' id='word_1_10' title='bbox 554 802 616 868; x_wconf 84' lang='lat' dir='ltr'><em>noti</em></span> <span class='ocrx_word' id='word_1_11' title='bbox 648 806 919 884; x_wconf 77' lang='grc' dir='ltr'><em>ςεΦιιιιῦιτιιι·</em></span> <span class='ocrx_word' id='word_1_12' title='bbox 948 807 1008 886; x_wconf 78' lang='grc' dir='ltr'><em>οὐχ</em></span> <span class='ocrx_word' id='word_1_13' title='bbox 1035 799 1109 872; x_wconf 73' lang='grc' dir='ltr'><em>οὕτω</em></span> <span class='ocrx_word' id='word_1_14' title='bbox 1134 804 1186 871; x_wconf 79' lang='lat' dir='ltr'><em>noti</em></span> <span class='ocrx_word' id='word_1_15' title='bbox 1212 805 1356 888; x_wconf 72' lang='grc' dir='ltr'><em>περὶτῶν</em></span> 
     </span>
     <span class='ocr_line' id='line_1_4' title="bbox 427 919 1356 1001; baseline 0.006 -16"><span class='ocrx_word' id='word_1_16' title='bbox 427 919 545 986; x_wconf 72' lang='grc' dir='ltr'><em>δικιιίιιν</em></span> <span class='ocrx_word' id='word_1_17' title='bbox 581 921 693 986; x_wconf 67' lang='lat' dir='ltr'><em>roncho)</em></span> <span class='ocrx_word' id='word_1_18' title='bbox 727 920 912 999; x_wconf 66' lang='grc' dir='ltr'><em>συμβαίνεις</em></span> <span class='ocrx_word' id='word_1_19' title='bbox 952 922 1023 1001; x_wconf 75' lang='grc' dir='ltr'><em>πρὸς</em></span> <span class='ocrx_word' id='word_1_20' title='bbox 1062 922 1097 987; x_wconf 79' lang='grc' dir='ltr'><em>τὸ</em></span> <span class='ocrx_word' id='word_1_21' title='bbox 1128 921 1214 993; x_wconf 76' lang='grc' dir='ltr'><strong><em>τέλος</em></strong></span> <span class='ocrx_word' id='word_1_22' title='bbox 1245 922 1356 998; x_wconf 64' lang='lat' dir='ltr'><em>{nisos</em></span> 
     </span>
     <span class='ocr_line' id='line_1_5' title="bbox 428 1036 1355 1117; baseline -0.001 -15"><span class='ocrx_word' id='word_1_23' title='bbox 428 1037 563 1117; x_wconf 61' lang='grc' dir='ltr'><em>πράξεως</em></span> <span class='ocrx_word' id='word_1_24' title='bbox 584 1037 634 1101; x_wconf 82' lang='lat' dir='ltr'><em>uni</em></span> <span class='ocrx_word' id='word_1_25' title='bbox 657 1036 775 1114; x_wconf 68' lang='lat' dir='ltr'><em>inthius</em></span> <span class='ocrx_word' id='word_1_26' title='bbox 796 1037 847 1101; x_wconf 80' lang='grc' dir='ltr'><em>ιιιιὶ</em></span> <span class='ocrx_word' id='word_1_27' title='bbox 871 1042 923 1103; x_wconf 75' lang='grc' dir='ltr'><em>τοῦ</em></span> <span class='ocrx_word' id='word_1_28' title='bbox 945 1039 1013 1117; x_wconf 80' lang='grc' dir='ltr'><strong><em>βίου</em></strong></span> <span class='ocrx_word' id='word_1_29' title='bbox 1037 1037 1222 1117; x_wconf 67' lang='grc' dir='ltr'><em>εὐδοκιμοῦσί</em></span> <span class='ocrx_word' id='word_1_30' title='bbox 1249 1062 1284 1103; x_wconf 80' lang='grc' dir='ltr'><em>τε</em></span> <span class='ocrx_word' id='word_1_31' title='bbox 1304 1036 1355 1102; x_wconf 77' lang='lat' dir='ltr'><em>nui</em></span> 
     </span>
     <span class='ocr_line' id='line_1_6' title="bbox 428 1148 1360 1233; baseline -0.009 -14"><span class='ocrx_word' id='word_1_32' title='bbox 428 1154 472 1219; x_wconf 81' lang='lat' dir='ltr'><em>rie</em></span> <span class='ocrx_word' id='word_1_33' title='bbox 492 1148 572 1218; x_wconf 65' lang='grc' dir='ltr'><em>ἆθλα</em></span> <span class='ocrx_word' id='word_1_34' title='bbox 593 1153 677 1232; x_wconf 80' lang='lat' dir='ltr'><em>rupit</em></span> <span class='ocrx_word' id='word_1_35' title='bbox 698 1157 754 1217; x_wconf 77' lang='grc' dir='ltr'><em>τῶν</em></span> <span class='ocrx_word' id='word_1_36' title='bbox 776 1152 928 1232; x_wconf 68' lang='grc' dir='ltr'><em>ἀνθρώπων</em></span> <span class='ocrx_word' id='word_1_37' title='bbox 949 1154 1109 1233; x_wconf 56' lang='lat' dir='ltr'><em>&lt;piperatum</em></span> <span class='ocrx_word' id='word_1_38' title='bbox 1138 1170 1237 1214; x_wconf 90' lang='lat' dir='ltr'><em>nonne</em></span> <span class='ocrx_word' id='word_1_39' title='bbox 1259 1151 1360 1215; x_wconf 84' lang='lat' dir='ltr'><em>astuti</em></span> 
     </span>
     <span class='ocr_line' id='line_1_7' title="bbox 428 1261 1338 1353; baseline -0.005 -21"><span class='ocrx_word' id='word_1_40' title='bbox 428 1261 562 1332; x_wconf 81' lang='lat' dir='ltr'><em>homines</em></span> <span class='ocrx_word' id='word_1_41' title='bbox 586 1280 616 1329; x_wconf 92' lang='lat' dir='ltr'><em>et</em></span> <span class='ocrx_word' id='word_1_42' title='bbox 645 1267 757 1337; x_wconf 83' lang='lat' dir='ltr'><em>iniusti</em></span> <span class='ocrx_word' id='word_1_43' title='bbox 770 1261 902 1353; x_wconf 77' lang='lat' dir='ltr'><em>perinde</em></span> <span class='ocrx_word' id='word_1_44' title='bbox 917 1269 1050 1345; x_wconf 81' lang='lat' dir='ltr'><em>jaciunt</em></span> <span class='ocrx_word' id='word_1_45' title='bbox 1072 1286 1268 1331; x_wconf 82' lang='lat' dir='ltr'><em>occursores</em></span> <span class='ocrx_word' id='word_1_46' title='bbox 1285 1265 1338 1329; x_wconf 88' lang='lat' dir='ltr'><em>ilii</em></span> 
     </span>
    </p>

    <p class='ocr_par' dir='ltr' id='par_1_3' title="bbox 424 1380 1373 3689">
     <span class='ocr_line' id='line_1_8' title="bbox 430 1380 1360 1472; baseline -0.001 -23"><span class='ocrx_word' id='word_1_47' title='bbox 430 1390 487 1472; x_wconf 85' lang='lat' dir='ltr'><em>qui</em></span> <span class='ocrx_word' id='word_1_48' title='bbox 504 1405 527 1449; x_wconf 88' lang='lat' dir='ltr'><em>a</em></span> <span class='ocrx_word' id='word_1_49' title='bbox 544 1383 722 1450; x_wconf 78' lang='lat' dir='ltr'><em>carceribus</em></span> <span class='ocrx_word' id='word_1_50' title='bbox 750 1396 889 1447; x_wconf 86' lang='lat' dir='ltr'><em>currunt</em></span> <span class='ocrx_word' id='word_1_51' title='bbox 913 1382 1007 1463; x_wconf 84' lang='lat' dir='ltr'><em>bene,</em></span> <span class='ocrx_word' id='word_1_52' title='bbox 1030 1405 1053 1449; x_wconf 87' lang='lat' dir='ltr'><em>c</em></span> <span class='ocrx_word' id='word_1_53' title='bbox 1068 1380 1156 1446; x_wconf 81' lang='lat' dir='ltr'><em>onetd</em></span> <span class='ocrx_word' id='word_1_54' title='bbox 1176 1402 1237 1446; x_wconf 88' lang='lat' dir='ltr'><em>non</em></span> <span class='ocrx_word' id='word_1_55' title='bbox 1256 1382 1360 1448; x_wconf 79' lang='lat' dir='ltr'><em>trent</em></span> 
     </span>
     <span class='ocr_line' id='line_1_9' title="bbox 429 1499 1363 1579; baseline -0.006 -12"><span class='ocrx_word' id='word_1_56' title='bbox 429 1503 574 1567; x_wconf 85' lang='lat' dir='ltr'><em>Primum</em></span> <span class='ocrx_word' id='word_1_57' title='bbox 591 1501 735 1566; x_wconf 79' lang='lat' dir='ltr'><em>celeriter</em></span> <span class='ocrx_word' id='word_1_58' title='bbox 751 1499 918 1579; x_wconf 81' lang='lat' dir='ltr'><em>exsiliunt,</em></span> <span class='ocrx_word' id='word_1_59' title='bbox 940 1499 1064 1566; x_wconf 85' lang='lat' dir='ltr'><em>tundent</em></span> <span class='ocrx_word' id='word_1_60' title='bbox 1091 1520 1162 1566; x_wconf 83' lang='lat' dir='ltr'><em>nero</em></span> <span class='ocrx_word' id='word_1_61' title='bbox 1188 1501 1287 1563; x_wconf 87' lang='lat' dir='ltr'><em>risunt</em></span> <span class='ocrx_word' id='word_1_62' title='bbox 1311 1517 1363 1562; x_wconf 86' lang='lat' dir='ltr'><em>rc·</em></span> 
     </span>
     <span class='ocr_line' id='line_1_10' title="bbox 427 1616 1364 1705; baseline -0.005 -21"><span class='ocrx_word' id='word_1_63' title='bbox 427 1633 580 1705; x_wconf 84' lang='lat' dir='ltr'><em>portant,</em></span> <span class='ocrx_word' id='word_1_64' title='bbox 603 1621 737 1705; x_wconf 81' lang='lat' dir='ltr'><em>quippe,</em></span> <span class='ocrx_word' id='word_1_65' title='bbox 756 1616 889 1683; x_wconf 87' lang='lat' dir='ltr'><em>auribus</em></span> <span class='ocrx_word' id='word_1_66' title='bbox 906 1621 941 1682; x_wconf 92' lang='lat' dir='ltr'><em>in</em></span> <span class='ocrx_word' id='word_1_67' title='bbox 958 1619 1100 1684; x_wconf 77' lang='lat' dir='ltr'><em>humeros</em></span> <span class='ocrx_word' id='word_1_68' title='bbox 1121 1617 1276 1696; x_wconf 84' lang='lat' dir='ltr'><em>demissis,</em></span> <span class='ocrx_word' id='word_1_69' title='bbox 1297 1618 1364 1683; x_wconf 88' lang='lat' dir='ltr'><em>siue</em></span> 
     </span>
     <span class='ocr_line' id='line_1_11' title="bbox 430 1728 1367 1814; baseline -0.007 -10"><span class='ocrx_word' id='word_1_70' title='bbox 430 1757 545 1804; x_wconf 87' lang='lat' dir='ltr'><em>corona</em></span> <span class='ocrx_word' id='word_1_71' title='bbox 563 1735 768 1801; x_wconf 80' lang='lat' dir='ltr'><em>discedentes:</em></span> <span class='ocrx_word' id='word_1_72' title='bbox 792 1735 882 1801; x_wconf 76' lang='lat' dir='ltr'><em>teri</em></span> <span class='ocrx_word' id='word_1_73' title='bbox 907 1749 1044 1801; x_wconf 78' lang='lat' dir='ltr'><em>autern</em></span> <span class='ocrx_word' id='word_1_74' title='bbox 1071 1752 1288 1814; x_wconf 76' lang='lat' dir='ltr'><em>cursores,</em></span> <span class='ocrx_word' id='word_1_75' title='bbox 1313 1728 1367 1798; x_wconf 85' lang='lat' dir='ltr'><em>ad</em></span> 
     </span>
     <span class='ocr_line' id='line_1_12' title="bbox 424 1853 1365 1943; baseline -0.004 -24"><span class='ocrx_word' id='word_1_76' title='bbox 424 1855 548 1943; x_wconf 85' lang='lat' dir='ltr'><em>finem</em></span> <span class='ocrx_word' id='word_1_77' title='bbox 574 1854 882 1940; x_wconf 69' lang='lat' dir='ltr'><em>pervenientes,</em></span> <span class='ocrx_word' id='word_1_78' title='bbox 923 1854 1109 1938; x_wconf 79' lang='lat' dir='ltr'><em>praemia</em></span> <span class='ocrx_word' id='word_1_79' title='bbox 1145 1853 1365 1937; x_wconf 86' lang='lat' dir='ltr'><em>accipiunt</em></span> 
     </span>
     <span class='ocr_line' id='line_1_13' title="bbox 432 1967 1366 2047; baseline -0.006 -10"><span class='ocrx_word' id='word_1_80' title='bbox 432 1990 478 2037; x_wconf 87' lang='lat' dir='ltr'><em>ae</em></span> <span class='ocrx_word' id='word_1_81' title='bbox 506 1984 779 2035; x_wconf 84' lang='lat' dir='ltr'><em>eoronantur.</em></span> <span class='ocrx_word' id='word_1_82' title='bbox 848 1968 962 2033; x_wconf 85' lang='lat' dir='ltr'><em>Nonne</em></span> <span class='ocrx_word' id='word_1_83' title='bbox 977 1968 1077 2047; x_wconf 84' lang='lat' dir='ltr'><em>justis</em></span> <span class='ocrx_word' id='word_1_84' title='bbox 1106 1971 1187 2034; x_wconf 75' lang='lat' dir='ltr'><em>airis</em></span> <span class='ocrx_word' id='word_1_85' title='bbox 1217 1967 1366 2033; x_wconf 81' lang='lat' dir='ltr'><em>similiter</em></span> 
     </span>
     <span class='ocr_line' id='line_1_14' title="bbox 433 2084 1366 2172; baseline -0.004 -20"><span class='ocrx_word' id='word_1_86' title='bbox 433 2084 514 2153; x_wconf 83' lang='lat' dir='ltr'><em>idem</em></span> <span class='ocrx_word' id='word_1_87' title='bbox 545 2100 581 2151; x_wconf 92' lang='lat' dir='ltr'><em>nt</em></span> <span class='ocrx_word' id='word_1_88' title='bbox 604 2084 779 2172; x_wconf 84' lang='lat' dir='ltr'><em>plurinum</em></span> <span class='ocrx_word' id='word_1_89' title='bbox 812 2087 937 2165; x_wconf 80' lang='lat' dir='ltr'><em>eoentt,</em></span> <span class='ocrx_word' id='word_1_90' title='bbox 970 2100 1007 2149; x_wconf 93' lang='grc' dir='ltr'><em>ιιι</em></span> <span class='ocrx_word' id='word_1_91' title='bbox 1035 2089 1069 2150; x_wconf 91' lang='lat' dir='ltr'><em>in</em></span> <span class='ocrx_word' id='word_1_92' title='bbox 1099 2088 1188 2151; x_wconf 84' lang='lat' dir='ltr'><em>exitu</em></span> <span class='ocrx_word' id='word_1_93' title='bbox 1216 2085 1366 2168; x_wconf 82' lang='lat' dir='ltr'><em>cuiusque</em></span> 
     </span>
     <span class='ocr_line' id='line_1_15' title="bbox 435 2201 1366 2287; baseline -0.003 -17"><span class='ocrx_word' id='word_1_94' title='bbox 435 2203 566 2270; x_wconf 84' lang='lat' dir='ltr'><em>actionis</em></span> <span class='ocrx_word' id='word_1_95' title='bbox 587 2201 873 2286; x_wconf 85' lang='lat' dir='ltr'><em>consuetudinisque</em></span> <span class='ocrx_word' id='word_1_96' title='bbox 904 2217 936 2267; x_wconf 86' lang='lat' dir='ltr'><em>et</em></span> <span class='ocrx_word' id='word_1_97' title='bbox 963 2205 1049 2269; x_wconf 73' lang='lat' dir='ltr'><em>sitae</em></span> <span class='ocrx_word' id='word_1_98' title='bbox 1074 2201 1266 2287; x_wconf 85' lang='lat' dir='ltr'><em>probentur,</em></span> <span class='ocrx_word' id='word_1_99' title='bbox 1295 2224 1366 2267; x_wconf 84' lang='lat' dir='ltr'><em>ntu-</em></span> 
     </span>
     <span class='ocr_line' id='line_1_16' title="bbox 435 2316 1366 2404; baseline 0.002 -23"><span class='ocrx_word' id='word_1_100' title='bbox 435 2337 575 2404; x_wconf 85' lang='lat' dir='ltr'><em>nernquc</em></span> <span class='ocrx_word' id='word_1_101' title='bbox 602 2316 644 2381; x_wconf 83' lang='lat' dir='ltr'><em>ab</em></span> <span class='ocrx_word' id='word_1_102' title='bbox 670 2317 841 2382; x_wconf 84' lang='lat' dir='ltr'><em>hominibus</em></span> <span class='ocrx_word' id='word_1_103' title='bbox 870 2317 1045 2399; x_wconf 80' lang='lat' dir='ltr'><em>referunt?</em></span> <span class='ocrx_word' id='word_1_104' title='bbox 1066 2316 1108 2386; x_wconf 85' lang='lat'><em>(¹)</em></span> <span class='ocrx_word' id='word_1_105' title='bbox 1154 2316 1238 2383; x_wconf 80' lang='lat' dir='ltr'><em>ilaec</em></span> <span class='ocrx_word' id='word_1_106' title='bbox 1268 2317 1366 2398; x_wconf 80' lang='lat' dir='ltr'><em>igitur</em></span> 
     </span>
     <span class='ocr_line' id='line_1_17' title="bbox 436 2416 1367 2518; baseline 0.002 -19"><span class='ocrx_word' id='word_1_107' title='bbox 436 2434 669 2518; x_wconf 78' lang='lat' dir='ltr'><em>praemissum</em></span> <span class='ocrx_word' id='word_1_108' title='bbox 697 2452 732 2498; x_wconf 90' lang='lat' dir='ltr'><em>ac</em></span> <span class='ocrx_word' id='word_1_109' title='bbox 761 2453 906 2517; x_wconf 84' lang='lat' dir='ltr'><em>munera,</em></span> <span class='ocrx_word' id='word_1_110' title='bbox 928 2452 1007 2515; x_wconf 87' lang='lat' dir='ltr'><em>quae</em></span> <span class='ocrx_word' id='word_1_111' title='bbox 1035 2435 1123 2518; x_wconf 88' lang='lat' dir='ltr'><em>justo</em></span> <span class='ocrx_word' id='word_1_112' title='bbox 1147 2434 1215 2500; x_wconf 85' lang='lat' dir='ltr'><em>viro</em></span> <span class='ocrx_word' id='word_1_113' title='bbox 1244 2416 1367 2518; x_wconf 82' lang='lat' dir='ltr'><em>praeter</em></span> 
     </span>
     <span class='ocr_line' id='line_1_18' title="bbox 436 2536 1369 2635; baseline 0.003 -18"><span class='ocrx_word' id='word_1_114' title='bbox 436 2570 471 2617; x_wconf 83' lang='lat' dir='ltr'><em>ea</em></span> <span class='ocrx_word' id='word_1_115' title='bbox 491 2551 596 2631; x_wconf 88' lang='lat' dir='ltr'><em>bona,</em></span> <span class='ocrx_word' id='word_1_116' title='bbox 618 2569 697 2632; x_wconf 89' lang='lat' dir='ltr'><em>quae</em></span> <span class='ocrx_word' id='word_1_117' title='bbox 719 2549 786 2632; x_wconf 88' lang='lat' dir='ltr'><em>ipsa</em></span> <span class='ocrx_word' id='word_1_118' title='bbox 808 2550 840 2615; x_wconf 89' lang='lat' dir='ltr'><em>in</em></span> <span class='ocrx_word' id='word_1_119' title='bbox 863 2568 900 2617; x_wconf 85' lang='lat' dir='ltr'><em>se</em></span> <span class='ocrx_word' id='word_1_120' title='bbox 925 2536 1048 2635; x_wconf 77' lang='lat' dir='ltr'><em>justitia</em></span> <span class='ocrx_word' id='word_1_121' title='bbox 1076 2551 1237 2634; x_wconf 82' lang='lat' dir='ltr'><em>continet,</em></span> <span class='ocrx_word' id='word_1_122' title='bbox 1265 2551 1369 2621; x_wconf 79' lang='lat' dir='ltr'><em>adiia</em></span> 
     </span>
     <span class='ocr_line' id='line_1_19' title="bbox 437 2666 1368 2735; baseline 0 0"><span class='ocrx_word' id='word_1_123' title='bbox 437 2682 468 2735; x_wconf 85' lang='lat' dir='ltr'><em>et</em></span> <span class='ocrx_word' id='word_1_124' title='bbox 489 2666 670 2732; x_wconf 86' lang='lat' dir='ltr'><em>hominibus</em></span> <span class='ocrx_word' id='word_1_125' title='bbox 690 2667 884 2733; x_wconf 83' lang='lat' dir='ltr'><em>tribuuntur.</em></span> <span class='ocrx_word' id='word_1_126' title='bbox 936 2669 978 2733; x_wconf 83' lang='lat' dir='ltr'><em>At</em></span> <span class='ocrx_word' id='word_1_127' title='bbox 1000 2671 1102 2734; x_wconf 83' lang='lat' dir='ltr'><em>eadem</em></span> <span class='ocrx_word' id='word_1_128' title='bbox 1125 2684 1155 2732; x_wconf 86' lang='lat' dir='ltr'><em>et</em></span> <span class='ocrx_word' id='word_1_129' title='bbox 1173 2686 1303 2733; x_wconf 85' lang='lat' dir='ltr'><em>numero</em></span> <span class='ocrx_word' id='word_1_130' title='bbox 1333 2682 1368 2735; x_wconf 84' lang='lat' dir='ltr'><em>et</em></span> 
     </span>
     <span class='ocr_line' id='line_1_20' title="bbox 436 2783 1368 2869; baseline -0.001 -16"><span class='ocrx_word' id='word_1_131' title='bbox 436 2786 647 2869; x_wconf 83' lang='lat' dir='ltr'><em>magnitudine</em></span> <span class='ocrx_word' id='word_1_132' title='bbox 672 2783 752 2850; x_wconf 80' lang='lat' dir='ltr'><em>nihil</em></span> <span class='ocrx_word' id='word_1_133' title='bbox 778 2800 875 2866; x_wconf 87' lang='lat' dir='ltr'><em>sunt,</em></span> <span class='ocrx_word' id='word_1_134' title='bbox 896 2786 924 2852; x_wconf 90' lang='lat' dir='ltr'><em>si</em></span> <span class='ocrx_word' id='word_1_135' title='bbox 954 2805 1025 2850; x_wconf 87' lang='lat' dir='ltr'><em>cum</em></span> <span class='ocrx_word' id='word_1_136' title='bbox 1056 2785 1095 2850; x_wconf 84' lang='lat' dir='ltr'><em>iis</em></span> <span class='ocrx_word' id='word_1_137' title='bbox 1123 2800 1368 2868; x_wconf 85' lang='lat' dir='ltr'><em>comparantur,</em></span> 
     </span>
     <span class='ocr_line' id='line_1_21' title="bbox 437 2900 1372 2987; baseline 0.002 -19"><span class='ocrx_word' id='word_1_138' title='bbox 437 2924 518 2987; x_wconf 82' lang='lat' dir='ltr'><em>quae</em></span> <span class='ocrx_word' id='word_1_139' title='bbox 538 2919 707 2986; x_wconf 87' lang='lat' dir='ltr'><em>utrumque</em></span> <span class='ocrx_word' id='word_1_140' title='bbox 724 2919 799 2986; x_wconf 87' lang='lat' dir='ltr'><em>post</em></span> <span class='ocrx_word' id='word_1_141' title='bbox 817 2903 899 2970; x_wconf 89' lang='lat' dir='ltr'><em>vitae</em></span> <span class='ocrx_word' id='word_1_142' title='bbox 918 2901 1032 2967; x_wconf 83' lang='lat' dir='ltr'><em>exitum</em></span> <span class='ocrx_word' id='word_1_143' title='bbox 1051 2900 1237 2971; x_wconf 64' lang='lat' dir='ltr'><em>manenda)</em></span> <span class='ocrx_word' id='word_1_144' title='bbox 1281 2902 1372 2970; x_wconf 76' lang='lat' dir='ltr'><em>Haec</em></span> 
     </span>
     <span class='ocr_line' id='line_1_22' title="bbox 440 3019 1371 3103; baseline 0 -17"><span class='ocrx_word' id='word_1_145' title='bbox 440 3021 609 3101; x_wconf 85' lang='lat' dir='ltr'><em>Socrates;</em></span> <span class='ocrx_word' id='word_1_146' title='bbox 632 3038 690 3084; x_wconf 91' lang='lat' dir='ltr'><em>nos</em></span> <span class='ocrx_word' id='word_1_147' title='bbox 721 3038 816 3099; x_wconf 87' lang='lat' dir='ltr'><em>vero,</em></span> <span class='ocrx_word' id='word_1_148' title='bbox 841 3019 1024 3102; x_wconf 84' lang='lat' dir='ltr'><em>priusquam</em></span> <span class='ocrx_word' id='word_1_149' title='bbox 1046 3020 1120 3083; x_wconf 84' lang='lat' dir='ltr'><em>hace</em></span> <span class='ocrx_word' id='word_1_150' title='bbox 1139 3021 1228 3103; x_wconf 85' lang='lat' dir='ltr'><em>justo</em></span> <span class='ocrx_word' id='word_1_151' title='bbox 1251 3020 1371 3087; x_wconf 85' lang='lat' dir='ltr'><em>tribua·</em></span> 
     </span>
     <span class='ocr_line' id='line_1_23' title="bbox 438 3135 1372 3219; baseline 0.001 -18"><span class='ocrx_word' id='word_1_152' title='bbox 438 3156 508 3201; x_wconf 78' lang='lat' dir='ltr'><em>moos</em></span> <span class='ocrx_word' id='word_1_153' title='bbox 531 3137 563 3201; x_wconf 90' lang='lat' dir='ltr'><em>in</em></span> <span class='ocrx_word' id='word_1_154' title='bbox 583 3136 688 3203; x_wconf 74' lang='lat' dir='ltr'>futura</span> <span class='ocrx_word' id='word_1_155' title='bbox 713 3136 765 3201; x_wconf 81' lang='lat' dir='ltr'><em>ilia</em></span> <span class='ocrx_word' id='word_1_156' title='bbox 785 3136 851 3200; x_wconf 74' lang='lat' dir='ltr'><em>viti</em></span> <span class='ocrx_word' id='word_1_157' title='bbox 872 3138 1040 3219; x_wconf 64' lang='grc' dir='ltr'><em>νικητήρια,</em></span> <span class='ocrx_word' id='word_1_158' title='bbox 1063 3135 1122 3199; x_wconf 90' lang='lat' dir='ltr'><em>hoc</em></span> <span class='ocrx_word' id='word_1_159' title='bbox 1147 3135 1250 3219; x_wconf 86' lang='lat' dir='ltr'><em>ipsum</em></span> <span class='ocrx_word' id='word_1_160' title='bbox 1276 3137 1372 3202; x_wconf 87' lang='lat' dir='ltr'><em>nobi·</em></span> 
     </span>
     <span class='ocr_line' id='line_1_24' title="bbox 438 3250 1372 3334; baseline -0.001 -16"><span class='ocrx_word' id='word_1_161' title='bbox 438 3252 591 3319; x_wconf 84' lang='lat' dir='ltr'><em>lissimum</em></span> <span class='ocrx_word' id='word_1_162' title='bbox 625 3250 801 3318; x_wconf 81' lang='lat' dir='ltr'><em>Platonicae</em></span> <span class='ocrx_word' id='word_1_163' title='bbox 835 3251 1053 3334; x_wconf 83' lang='lat' dir='ltr'><em>philosophiae</em></span> <span class='ocrx_word' id='word_1_164' title='bbox 1090 3251 1260 3334; x_wconf 87' lang='lat' dir='ltr'><em>placitum,</em></span> <span class='ocrx_word' id='word_1_165' title='bbox 1282 3255 1372 3332; x_wconf 77' lang='lat' dir='ltr'><em>quod</em></span> 
     </span>
     <span class='ocr_line' id='line_1_25' title="bbox 439 3367 1372 3448; baseline 0.001 -12"><span class='ocrx_word' id='word_1_166' title='bbox 439 3373 479 3436; x_wconf 86' lang='lat' dir='ltr'><em>de</em></span> <span class='ocrx_word' id='word_1_167' title='bbox 509 3372 681 3436; x_wconf 83' lang='lat' dir='ltr'><em>animorum</em></span> <span class='ocrx_word' id='word_1_168' title='bbox 710 3383 759 3435; x_wconf 86' lang='lat' dir='ltr'><em>est</em></span> <span class='ocrx_word' id='word_1_169' title='bbox 784 3369 1032 3448; x_wconf 81' lang='lat' dir='ltr'><em>immortalitate,</em></span> <span class='ocrx_word' id='word_1_170' title='bbox 1074 3387 1146 3435; x_wconf 87' lang='lat' dir='ltr'><em>cum</em></span> <span class='ocrx_word' id='word_1_171' title='bbox 1178 3387 1197 3433; x_wconf 83' lang='lat' dir='ltr'><em>e</em></span> <span class='ocrx_word' id='word_1_172' title='bbox 1225 3367 1372 3437; x_wconf 81' lang='lat' dir='ltr'><em>fontibus</em></span> 
     </span>
     <span class='ocr_line' id='line_1_26' title="bbox 440 3485 1373 3571; baseline 0 -18"><span class='ocrx_word' id='word_1_173' title='bbox 440 3491 612 3569; x_wconf 85' lang='lat' dir='ltr'><em>ducamus,</em></span> <span class='ocrx_word' id='word_1_174' title='bbox 635 3502 701 3554; x_wconf 79' lang='lat' dir='ltr'><em>tuan</em></span> <span class='ocrx_word' id='word_1_175' title='bbox 731 3485 925 3571; x_wconf 85' lang='lat' dir='ltr'><em>interpretari</em></span> <span class='ocrx_word' id='word_1_176' title='bbox 955 3499 1038 3551; x_wconf 85' lang='lat' dir='ltr'><em>recte</em></span> <span class='ocrx_word' id='word_1_177' title='bbox 1063 3504 1081 3550; x_wconf 86' lang='lat' dir='ltr'><em>e</em></span> <span class='ocrx_word' id='word_1_178' title='bbox 1110 3500 1213 3550; x_wconf 87' lang='lat' dir='ltr'><em>mente</em></span> <span class='ocrx_word' id='word_1_179' title='bbox 1239 3501 1270 3552; x_wconf 86' lang='lat' dir='ltr'><em>et</em></span> <span class='ocrx_word' id='word_1_180' title='bbox 1295 3504 1373 3553; x_wconf 84' lang='lat' dir='ltr'><em>sen·</em></span> 
     </span>
     <span class='ocr_line' id='line_1_27' title="bbox 440 3592 922 3689; baseline -0.01 -15"><span class='ocrx_word' id='word_1_181' title='bbox 440 3606 538 3674; x_wconf 77' lang='lat' dir='ltr'><em>aentih</em></span> <span class='ocrx_word' id='word_1_182' title='bbox 559 3602 742 3689; x_wconf 86' lang='lat' dir='ltr'><em>philosophi</em></span> <span class='ocrx_word' id='word_1_183' title='bbox 760 3592 922 3669; x_wconf 76' lang='lat' dir='ltr'><em>conemur.</em></span> 
     </span>
    </p>
   </div>
   <div class='ocr_carea' id='block_1_3' title="bbox 1310 3718 1374 3789">
    <p class='ocr_par' dir='ltr' id='par_1_4' title="bbox 1310 3718 1374 3789">
     <span class='ocr_line' id='line_1_28' title="bbox 1310 3718 1374 3789; baseline 0.016 -1"><span class='ocrx_word' id='word_1_184' title='bbox 1310 3718 1374 3789; x_wconf 81' lang='lat' dir='ltr'><em>De</em></span> 
     </span>
    </p>
   </div>
   <div class='ocr_carea' id='block_1_4' title="bbox 438 3921 1377 4189">
    <p class='ocr_par' dir='ltr' id='par_1_5' title="bbox 438 3921 1377 4189">
     <span class='ocr_line' id='line_1_29' title="bbox 476 3921 1372 3996; baseline 0.016 -21"><span class='ocrx_word' id='word_1_185' title='bbox 476 3924 517 3995; x_wconf 82' lang='grc' dir='ltr'><em>(ι)</em></span> <span class='ocrx_word' id='word_1_186' title='bbox 534 3922 618 3977; x_wconf 78' lang='lat' dir='ltr'><em>Recto</em></span> <span class='ocrx_word' id='word_1_187' title='bbox 641 3941 702 3979; x_wconf 82' lang='lat' dir='ltr'><em>casn</em></span> <span class='ocrx_word' id='word_1_188' title='bbox 724 3921 767 3977; x_wconf 77' lang='lat' dir='ltr'><em>hio</em></span> <span class='ocrx_word' id='word_1_189' title='bbox 790 3924 915 3980; x_wconf 73' lang='lat' dir='ltr'><em>conferre</em></span> <span class='ocrx_word' id='word_1_190' title='bbox 936 3926 1015 3996; x_wconf 76' lang='lat' dir='ltr'><em>jubet</em></span> <span class='ocrx_word' id='word_1_191' title='bbox 1038 3924 1139 3986; x_wconf 72' lang='lat' dir='ltr'><em>sulib.</em></span> <span class='ocrx_word' id='word_1_192' title='bbox 1159 3928 1372 3989; x_wconf 63' lang='lat' dir='ltr'><em>celebratissima</em></span> 
     </span>
     <span class='ocr_line' id='line_1_30' title="bbox 439 4011 1377 4095; baseline 0.018 -33"><span class='ocrx_word' id='word_1_193' title='bbox 439 4013 499 4065; x_wconf 84' lang='lat' dir='ltr'><em>loca</em></span> <span class='ocrx_word' id='word_1_194' title='bbox 518 4011 594 4067; x_wconf 85' lang='lat' dir='ltr'><em>Pauli</em></span> <span class='ocrx_word' id='word_1_195' title='bbox 612 4018 698 4082; x_wconf 80' lang='lat' dir='ltr'><em>apost.</em></span> <span class='ocrx_word' id='word_1_196' title='bbox 717 4018 772 4086; x_wconf 82' lang='lat' dir='ltr'><em>ttp.</em></span> <span class='ocrx_word' id='word_1_197' title='bbox 789 4014 803 4071; x_wconf 83' lang='grc' dir='ltr'><strong>Ι</strong></span> <span class='ocrx_word' id='word_1_198' title='bbox 822 4017 860 4069; x_wconf 81' lang='lat' dir='ltr'><em>ad</em></span> <span class='ocrx_word' id='word_1_199' title='bbox 877 4018 1002 4072; x_wconf 78' lang='lat' dir='ltr'><em>Corinth.</em></span> <span class='ocrx_word' id='word_1_200' title='bbox 1019 4036 1046 4073; x_wconf 86' lang='lat' dir='ltr'><em>e.</em></span> <span class='ocrx_word' id='word_1_201' title='bbox 1065 4018 1377 4095; x_wconf 68' lang='lat' dir='ltr'><em>11.si.11.c.1v.9.</em></span> 
     </span>
     <span class='ocr_line' id='line_1_31' title="bbox 438 4103 1373 4189; baseline 0.018 -32"><span class='ocrx_word' id='word_1_202' title='bbox 438 4104 478 4159; x_wconf 78' lang='lat' dir='ltr'><em>ud</em></span> <span class='ocrx_word' id='word_1_203' title='bbox 491 4104 612 4158; x_wconf 74' lang='lat' dir='ltr'><em>Phileto.</em></span> <span class='ocrx_word' id='word_1_204' title='bbox 630 4122 654 4158; x_wconf 83' lang='lat' dir='ltr'><em>c.</em></span> <span class='ocrx_word' id='word_1_205' title='bbox 673 4103 727 4159; x_wconf 76' lang='grc' dir='ltr'><em>ΠΙ.</em></span> <span class='ocrx_word' id='word_1_206' title='bbox 746 4106 789 4165; x_wconf 69' lang='lat' dir='ltr'><em>ai.</em></span> <span class='ocrx_word' id='word_1_207' title='bbox 831 4108 874 4181; x_wconf 77' lang='lat' dir='ltr'><em>(a)</em></span> <span class='ocrx_word' id='word_1_208' title='bbox 890 4109 934 4161; x_wconf 84' lang='lat' dir='ltr'><em>De</em></span> <span class='ocrx_word' id='word_1_209' title='bbox 950 4111 1024 4189; x_wconf 70' lang='lat' dir='ltr'><em>hep.</em></span> <span class='ocrx_word' id='word_1_210' title='bbox 1041 4107 1078 4168; x_wconf 74' lang='grc' dir='ltr'><em>Χ.</em></span> <span class='ocrx_word' id='word_1_211' title='bbox 1095 4110 1157 4174; x_wconf 75' lang='lat' dir='ltr'><em>isa.</em></span> <span class='ocrx_word' id='word_1_212' title='bbox 1176 4108 1321 4174; x_wconf 57' lang='lat' dir='ltr'><em>Bwffl·</em></span> <span class='ocrx_word' id='word_1_213' title='bbox 1334 4114 1373 4179; x_wconf 70' lang='lat' dir='ltr'><em>A..</em></span> 
     </span>
    </p>
   </div>
   <div class='ocr_carea' id='block_1_5' title="bbox 0 0 1465 5168">
    <p class='ocr_par' dir='ltr' id='par_1_6' title="bbox 0 0 1465 5168">
     <span class='ocr_line' id='line_1_32' title="bbox 0 0 1465 5168; baseline 0 0"><span class='ocrx_word' id='word_1_214' title='bbox 0 0 1465 5168; x_wconf 95' lang='lat' dir='ltr'><em> </em></span> 
     </span>
    </p>
   </div>
  </div>
 </body>
</html>
