2896 5168
589 528 606 554 L
655 451 846 529 -148-

293 637 327 700 τὸ
347 635 512 714 θυμοειδὲς,
536 648 600 709 quo
628 630 743 694 rectius
769 643 799 692 et
828 641 1098 708 compescerentur
1120 639 1151 690 et
1171 644 1223 689 rn-

293 747 373 811 tioni
393 751 543 810 servirent
563 745 771 828 cupiditates,
794 745 943 808 rationem
964 743 1134 826 adjuvaret.
1167 741 1220 805 Sic

293 849 417 928 demum
437 862 592 928 hominem
615 863 732 928 dixerat
749 881 853 926 secum
874 859 975 942 ipsum
993 875 1218 923 consensurum

295 998 362 1046 csse
382 998 416 1044 ac
439 980 554 1043 bonum
574 980 759 1062 justumque
778 977 933 1043 futurum.
975 976 1010 1041 Iu
1039 974 1089 1040 his
1117 990 1221 1039 autern

296 1114 354 1158 nos
385 1098 499 1174 docet,
523 1094 808 1176 quemadmodum,
830 1095 935 1159 demto
954 1093 1014 1157 hoc
1037 1090 1131 1155 trium
1152 1088 1223 1153 illo·

295 1231 361 1274 rum
381 1229 536 1277 consensu
555 1227 585 1276 et
603 1214 687 1276 velut
706 1228 884 1290 concentu,
912 1212 950 1275 od
977 1211 1112 1294 pejorem
1137 1207 1223 1273 iden·

297 1327 388 1391 tidem
413 1330 625 1394 conditionem
645 1329 804 1393 delabatur
822 1330 930 1393 homo.
964 1328 1048 1393 Idem
1069 1344 1144 1391 veto
1159 1344 1223 1390 rna·

297 1451 344 1529 gis
367 1448 456 1512 ctiam
482 1449 600 1530 patebit
621 1447 737 1528 nobis,
771 1449 824 1512 ubi
845 1451 883 1513 ud
905 1444 1086 1530 philosophi
1106 1447 1144 1511 de
1165 1444 1225 1509 oli·

298 1563 441 1643 garchico
473 1563 542 1630 viro
576 1563 828 1645 disquisitionem
867 1564 1109 1648 pervenerimus.
1164 1562 1226 1628 Sed

297 1678 429 1762 primum
451 1683 489 1747 de
508 1668 674 1764 oligetchia
689 1656 852 1764 agendum.

494 1915 554 1980 De
584 1916 842 2000 oligarchia
871 1930 911 1980 et
941 1917 1033 1982 uiro

623 2033 909 2117 oligarchico.

342 2262 523 2345 Appellavit
552 2266 629 2330 hauc
657 2266 745 2332 Plato
772 2267 954 2347 civitatem,
988 2267 1020 2330 in
1050 2285 1111 2347 qua
1139 2266 1231 2348 pauci

302 2378 426 2460 qnidam
449 2400 598 2446 summum
620 2401 721 2447 terum
746 2397 903 2463 tenerent,
930 2383 1124 2465 qui‘opibus
1144 2402 1232 2465 prae·

300 2497 446 2561 cellerent
463 2497 612 2578 caeteris,
635 2500 723 2564 talem
744 2503 893 2578 omnino,
914 2501 1034 2582 qualern
1053 2517 1113 2564 nos
1131 2499 1229 2581 vulgo

220 2626 228 2641 ·
300 2632 413 2678 vocate
440 2615 664 2681 aristocratient
692 2619 842 2681 solemus.
866 2614 908 2684 (¹)
956 2616 1066 2682 Paucis
1094 2634 1157 2680 earn
1184 2613 1231 2680 sic

301 2732 475 2798 describit:
498 2737 551 2813 νὲν
569 2740 631 2805 cirri
651 2739 828 2819 τιμημάτων
849 2739 1021 2810 πολιτείαν,
1043 2737 1073 2803 ἕν
1090 2734 1110 2818 ᾖ
1128 2738 1154 2802 oi
1172 2737 1230 2817 μὲν

302 2855 434 2923 πλούσιον
464 2853 608 2936 ἄρχουσι,
648 2856 750 2930 uiuum
783 2857 813 2922 δὲ
842 2859 874 2920 οὐ
902 2856 1022 2935 umero
1050 2858 1161 2937 ἀρχῆς.
1186 2848 1228 2919 (a)
1284 2887 1287 2891 ·

301 2965 507 3050 Quaerentem
532 2983 634 3032 autem
657 2968 807 3032 continuo
827 2969 983 3033 Socratem
1005 2964 1102 3044 facit,
1124 2984 1232 3047 quem-

303 3084 468 3148 admodum
490 3085 564 3148 haec
587 3102 604 3149 e
624 3082 797 3150 rimocrarn
822 3084 951 3148 oriatur.
1000 3085 1060 3149 Est
1079 3081 1156 3148 illud
1177 3101 1232 3147 au·

304 3213 387 3278 tem,
416 3197 544 3279 inquit,
574 3201 624 3264 vel
653 3219 749 3299 coeco
781 3197 991 3265 manifestum.
1045 3198 1234 3277 Scilicetei

223 3289 256 3375 .'
305 3320 439 3397 ταμιεῖον
467 3318 557 3385 ἐκεῖνο
584 3318 681 3400 {uisu
711 3321 833 3401 χρυσίον
859 3319 1056 3400 πληρούμενον
1082 3320 1234 3387 ἀπόλλυσι

306 3436 360 3510 τὴν
381 3435 519 3511 νοινύτνν
539 3436 704 3502 πολιτείαν·
723 3439 886 3520 acrart'um
904 3434 987 3498 illud
995 3436 1141 3522 cujusque
1154 3454 1236 3501 auro

220 3546 224 3555 ’
302 3550 452 3634 plenum,
469 3546 577 3636 perdit
597 3550 691 3634 talem
714 3550 946 3638 rempublicam.
989 3551 1070 3615 Natn
1099 3551 1235 3634 primum
1332 3608 1345 3624 .,

310 3682 413 3730 novos
438 3679 562 3730 sumtus
603 3665 761 3748 reperiunt
800 3683 892 3749 atque
924 3669 997 3733 illuc
1025 3683 1238 3749 contorquent

551 3796 553 3801 ’
1195 3788 1242 3851 le·

347 3946 386 4015 (t)
406 3945 444 3999 V.
455 3947 551 4003 ertac.
563 3949 762 4004 Orarnesocr.
775 3955 830 4004 cive
842 3952 868 4002 in
881 3950 1031 4005 Animadv.
1058 3950 1098 4022 (ο)
1113 3955 1156 4004 De
1165 3956 1241 4025 Rep.

311 4033 396 4090 Vttt.
414 4035 474 4090 ⁵50.
493 4039 526 4092 C.
