2896 5168
656 476 825 538 -23-

266 638 330 701 imo
358 655 454 717 vero,
485 651 519 700 ut
539 653 642 717 tegere
665 635 818 701 furiosum
840 636 934 701 istum
957 653 987 702 et
1008 639 1197 720 pervicacem

267 754 392 836 possit,
424 755 604 837 adjunctum
636 751 679 815 illi
708 753 836 817 alterum
859 771 971 834 equum
995 753 1113 834 habet,
1133 762 1201 833 eii·

265 895 343 945 non.
374 867 462 933 freno
498 865 689 947 monitisque
722 882 754 931 et
788 867 999 932 adhortationi
1029 881 1197 949 parentem.
1249 906 1263 926 t

263 985 325 1051 Est
355 983 407 1049 hic
435 989 467 1053 ἐν
494 997 532 1068 τῇ
553 988 688 1053 καλλίονι
710 987 797 1056 coion
828 985 886 1059 ὣν,
915 987 951 1054 ri
969 1011 1004 1054 rs
1025 983 1101 1061 ailon
1121 988 1198 1068 non

261 1104 312 1170 nol
334 1104 549 1187 διηρθρωμένος,
573 1103 739 1186 ripoinus,
761 1103 950 1185 Zoippum,
980 1105 1085 1177 naonis
1106 1104 1196 1178 ἰδεῖν,

260 1220 514 1302 μελανδμματος,
536 1227 626 1301 τιμῆς
648 1222 754 1301 ipocrite
774 1221 858 1301 parri
879 1192 1068 1302 roppoiionc
1089 1243 1124 1286 rr
1145 1218 1195 1285 noi

259 1340 356 1412 αἰδοῦς
388 1338 438 1404 nol
469 1340 607 1412 innituit
642 1336 726 1417 δόξης
755 1339 894 1420 ἑταῖρος,
925 1334 1105 1412 innunt-ot,
1146 1359 1197 1402 nr·

255 1454 407 1535 nsiopart
435 1453 522 1533 nisos
555 1452 606 1518 nol
639 1454 721 1536 λόγῳ
756 1456 946 1535 inroxairnrr
981 1452 1207 1541 excellontioro

256 1568 390 1647 habito,
427 1571 522 1653 specio
559 1583 685 1645 recens,
731 1567 874 1631 menbris
916 1569 980 1631 rito
1011 1583 1194 1655 enprorsus,

255 1681 522 1758 anianensisc,
545 1701 619 1745 naso
638 1683 799 1766 aquilino,
822 1679 921 1746 nitido
940 1682 1060 1760 coloro,
1093 1685 1196 1766 nigris

257 1799 372 1875 oculis,
404 1798 527 1861 honoris
558 1794 714 1883 cupidos,
755 1795 811 1860 scd
837 1795 1002 1862 modestiae
1032 1798 1130 1862 simol
1158 1819 1197 1862 nc

253 1913 383 2002 pudoris
422 1913 552 2000 plenos,
596 1932 692 1976 norae
731 1914 878 1997 opinionis
918 1915 1058 1994 anricus,
1100 1913 1195 1979 nullis

256 2032 390 2098 stimulis
418 2028 584 2114 indigens,
616 2031 829 2095 cohortatione
848 2029 914 2095 sola
934 2050 973 2094 oc
995 2033 1121 2094 rationo
1141 2049 1192 2095 ro·

249 2152 355 2234 gitur.
381 2145 423 2214 nl
465 2147 576 2228 Ergo,
603 2144 659 2210 ubi
682 2146 786 2228 auriga
809 2144 986 2224 inanimo,
1009 2145 1191 2210 amatorium

253 2249 429 2345 adspiciens
460 2263 602 2341 vultum,
643 2277 811 2344 totumque
854 2280 949 2328 sensu
997 2263 1189 2329 inflammans

254 2383 413 2458 oninium,
444 2363 631 2444 titillationis
661 2398 696 2443 ac
725 2378 868 2443 desiderii
896 2379 1032 2445 stimulis
1053 2379 1190 2444 concita·

255 2512 331 2575 tur,
363 2510 429 2560 tum
459 2496 514 2577 qui
544 2495 666 2579 aurigae
694 2495 842 2561 obediens
870 2511 917 2560 est
942 2514 1117 2579 equorum,
1152 2511 1188 2561 ut

252 2612 441 2692 cousuevit,
474 2614 594 2694 pudore
628 2612 787 2677 cohibitus
824 2625 922 2677 semet
955 2612 1059 2695 ipsum
1086 2614 1189 2678 conti·

252 2749 331 2808 net,
363 2730 402 2793 rie
433 2729 575 2811 prosiliat
608 2728 638 2792 in
670 2747 816 2793 umatum.
861 2731 952 2794 Alter
980 2747 1055 2794 vero
1082 2748 1186 2811 neque

251 2848 387 2912 stimulis
407 2865 509 2927 neque
529 2844 713 2909 verberibus
737 2844 873 2911 coirceri
893 2858 1022 2926 potest,
1052 2847 1109 2909 sed
1132 2866 1188 2912 ex·

252 2965 348 3029 sultat
368 2962 401 3027 vi
421 2978 452 3026 et
474 2963 616 3041 impetu,
649 2979 743 3041 arque
764 2960 967 3043 conjunctum
986 2961 1047 3028 sibi
1069 2981 1184 3042 equum

251 3092 282 3140 et
309 3077 444 3158 aurigam
477 3074 685 3155 perturbans,
718 3075 806 3156 rapit
831 3091 1000 3158 utrumque
1036 3079 1075 3144 ad
1103 3097 1185 3143 anta·

249 3193 414 3270 siun1‚ut
440 3192 594 3274 indulgeat
621 3191 680 3256 sibi
705 3194 911 3272 voluptatem.
956 3195 999 3258 At
1022 3195 1066 3259 illl
1091 3195 1182 3260 initio

250 3313 450 3376 adversantur
475 3309 621 3392 quidest,
644 3307 813 3391 indignati,
838 3310 925 3389 quod
942 3312 981 3376 ad
1000 3311 1102 3393 gravia
1126 3330 1183 3378 noc

250 3429 335 3493 licita
366 3428 544 3506 trahantur,
579 3429 698 3493 tandem
731 3444 828 3503 vero,
862 3444 933 3491 curn
971 3429 1074 3492 exitus
1112 3430 1184 3493 mali
1266 3403 1270 3410 ¹

251 3548 358 3613 nullus
384 3545 446 3623 sit,
480 3528 827 3626 compulsiferuntur,
859 3544 1037 3624 ceduntque
1057 3544 1119 3627 jam
1151 3564 1183 3609 et

248 3662 470 3741 consentiunt,
501 3662 588 3741 quod
620 3661 700 3745 jussi
734 3679 830 3740 sunt,
861 3663 972 3726 facere.
1029 3641 1112 3727 Hinc
1143 3665 1182 3729 ad

251 3781 396 3847 aruasiuur
417 3779 591 3858 accedunt,
614 3778 836 3858 intuemurque
862 3779 929 3861 eius
950 3778 1071 3844 vultum
1092 3783 1182 3863 quasi

1123 3897 1184 3963 ful·

289 4035 329 4103 (ι)
352 4033 420 4085 sou.
439 4032 458 4082 r.
