<?xml version="1.0" encoding="UTF-8"?>
<!DOCTYPE html PUBLIC "-//W3C//DTD XHTML 1.0 Transitional//EN"
    "http://www.w3.org/TR/xhtml1/DTD/xhtml1-transitional.dtd">
<html xmlns="http://www.w3.org/1999/xhtml" xml:lang="en" lang="en">
 <head>
  <title>
</title>
<meta http-equiv="Content-Type" content="text/html;charset=utf-8" />
  <meta name='ocr-system' content='tesseract 3.04.00' />
  <meta name='ocr-capabilities' content='ocr_page ocr_carea ocr_par ocr_line ocrx_word'/>
</head>
<body>
  <div class='ocr_page' id='page_1' title='image "./initiaphilosoph04heusgoog_0261.png"; bbox 0 0 2896 5168; ppageno 0'>
   <div class='ocr_carea' id='block_1_1' title="bbox 690 460 889 540">
    <p class='ocr_par' dir='ltr' id='par_1_1' title="bbox 690 460 889 540">
     <span class='ocr_line' id='line_1_1' title="bbox 690 460 889 540; baseline -0.01 -29"><span class='ocrx_word' id='word_1_1' title='bbox 690 460 822 540; x_wconf 74' lang='lat'><strong>..25⁶</strong></span> <span class='ocrx_word' id='word_1_2' title='bbox 849 490 889 509; x_wconf 75' lang='grc'><strong>.-</strong></span> 
     </span>
    </p>
   </div>
   <div class='ocr_carea' id='block_1_2' title="bbox 216 637 1315 1073">
    <p class='ocr_par' dir='ltr' id='par_1_2' title="bbox 216 637 1315 1073">
     <span class='ocr_line' id='line_1_2' title="bbox 321 637 1263 727; baseline 0.01 -25"><span class='ocrx_word' id='word_1_3' title='bbox 321 637 553 719; x_wconf 82' lang='lat' dir='ltr'><strong>perficiendas,</strong></span> <span class='ocrx_word' id='word_1_4' title='bbox 586 652 651 703; x_wconf 89' lang='lat' dir='ltr'><strong>tum</strong></span> <span class='ocrx_word' id='word_1_5' title='bbox 687 639 777 704; x_wconf 88' lang='lat' dir='ltr'><strong>etiam</strong></span> <span class='ocrx_word' id='word_1_6' title='bbox 815 640 853 705; x_wconf 89' lang='lat' dir='ltr'><strong>ad</strong></span> <span class='ocrx_word' id='word_1_7' title='bbox 888 640 1019 722; x_wconf 90' lang='lat' dir='ltr'><strong>ipsum,</strong></span> <span class='ocrx_word' id='word_1_8' title='bbox 1049 659 1143 724; x_wconf 91' lang='lat' dir='ltr'><strong>quern</strong></span> <span class='ocrx_word' id='word_1_9' title='bbox 1171 642 1263 727; x_wconf 82' lang='lat' dir='ltr'><strong>dixi,</strong></span> 
     </span>
     <span class='ocr_line' id='line_1_3' title="bbox 216 716 1315 843; baseline 0.01 -27"><span class='ocrx_word' id='word_1_10' title='bbox 216 716 227 743; x_wconf 35' lang='grc' dir='ltr'><strong>ι</strong></span> <span class='ocrx_word' id='word_1_11' title='bbox 320 755 469 818; x_wconf 88' lang='lat' dir='ltr'><strong>mundum</strong></span> <span class='ocrx_word' id='word_1_12' title='bbox 507 754 735 836; x_wconf 81' lang='lat' dir='ltr'><strong>intelligibilem</strong></span> <span class='ocrx_word' id='word_1_13' title='bbox 765 772 799 819; x_wconf 88' lang='lat' dir='ltr'><strong>et</strong></span> <span class='ocrx_word' id='word_1_14' title='bbox 837 760 981 822; x_wconf 83' lang='lat' dir='ltr'><strong>moralem</strong></span> <span class='ocrx_word' id='word_1_15' title='bbox 1021 759 1263 843; x_wconf 87' lang='lat' dir='ltr'><strong>explicandum,</strong></span> <span class='ocrx_word' id='word_1_16' title='bbox 1312 758 1315 763; x_wconf 77' lang='grc'><strong>’</strong></span> 
     </span>
     <span class='ocr_line' id='line_1_4' title="bbox 320 872 1264 956; baseline 0.012 -25"><span class='ocrx_word' id='word_1_17' title='bbox 320 885 442 950; x_wconf 88' lang='lat' dir='ltr'><strong>sperare</strong></span> <span class='ocrx_word' id='word_1_18' title='bbox 483 886 577 951; x_wconf 87' lang='lat' dir='ltr'><strong>atque</strong></span> <span class='ocrx_word' id='word_1_19' title='bbox 619 887 800 953; x_wconf 81' lang='lat' dir='ltr'><strong>exspectare</strong></span> <span class='ocrx_word' id='word_1_20' title='bbox 827 872 942 952; x_wconf 87' lang='lat' dir='ltr'><strong>liceat,</strong></span> <span class='ocrx_word' id='word_1_21' title='bbox 984 892 1003 936; x_wconf 92' lang='lat' dir='ltr'><strong>e</strong></span> <span class='ocrx_word' id='word_1_22' title='bbox 1033 874 1189 956; x_wconf 87' lang='lat' dir='ltr'><strong>Platonis,</strong></span> <span class='ocrx_word' id='word_1_23' title='bbox 1229 877 1264 942; x_wconf 87' lang='lat' dir='ltr'><strong>ni</strong></span> 
     </span>
     <span class='ocr_line' id='line_1_5' title="bbox 321 976 1315 1073; baseline 0.011 -24"><span class='ocrx_word' id='word_1_24' title='bbox 321 984 432 1066; x_wconf 83' lang='lat' dir='ltr'><strong>fallor,</strong></span> <span class='ocrx_word' id='word_1_25' title='bbox 458 989 700 1070; x_wconf 87' lang='lat' dir='ltr'><strong>philosophandi</strong></span> <span class='ocrx_word' id='word_1_26' title='bbox 729 989 866 1068; x_wconf 88' lang='lat' dir='ltr'><strong>ratione,</strong></span> <span class='ocrx_word' id='word_1_27' title='bbox 890 1005 925 1053; x_wconf 93' lang='lat' dir='ltr'><strong>ut</strong></span> <span class='ocrx_word' id='word_1_28' title='bbox 953 990 1138 1073; x_wconf 78' lang='lat' dir='ltr'><strong>expositae</strong></span> <span class='ocrx_word' id='word_1_29' title='bbox 1166 992 1264 1059; x_wconf 86' lang='lat' dir='ltr'><strong>nobis</strong></span> <span class='ocrx_word' id='word_1_30' title='bbox 1307 976 1315 989; x_wconf 56' lang='lat'>⁸</span> 
     </span>
    </p>
   </div>
   <div class='ocr_carea' id='block_1_3' title="bbox 319 1104 1312 1659">
    <p class='ocr_par' dir='ltr' id='par_1_3' title="bbox 319 1104 1312 1659">
     <span class='ocr_line' id='line_1_6' title="bbox 321 1104 1262 1190; baseline 0.012 -23"><span class='ocrx_word' id='word_1_31' title='bbox 321 1118 395 1182; x_wconf 92' lang='lat' dir='ltr'><strong>est,</strong></span> <span class='ocrx_word' id='word_1_32' title='bbox 425 1104 556 1169; x_wconf 84' lang='lat' dir='ltr'><strong>efficitur</strong></span> <span class='ocrx_word' id='word_1_33' title='bbox 580 1105 681 1169; x_wconf 87' lang='lat' dir='ltr'><strong>facile.</strong></span> <span class='ocrx_word' id='word_1_34' title='bbox 748 1104 829 1169; x_wconf 84' lang='lat' dir='ltr'><strong>Nam</strong></span> <span class='ocrx_word' id='word_1_35' title='bbox 867 1108 955 1188; x_wconf 90' lang='lat' dir='ltr'><strong>quod</strong></span> <span class='ocrx_word' id='word_1_36' title='bbox 987 1108 1145 1190; x_wconf 87' lang='lat' dir='ltr'><strong>antiquam</strong></span> <span class='ocrx_word' id='word_1_37' title='bbox 1177 1109 1262 1178; x_wconf 79' lang='lat' dir='ltr'><strong>illan</strong></span> 
     </span>
     <span class='ocr_line' id='line_1_7' title="bbox 320 1220 1261 1310; baseline 0.006 -24"><span class='ocrx_word' id='word_1_38' title='bbox 320 1220 551 1303; x_wconf 81' lang='lat' dir='ltr'><strong>philosophiam</strong></span> <span class='ocrx_word' id='word_1_39' title='bbox 571 1224 846 1301; x_wconf 66' lang='lat' dir='ltr'><strong>commendam,</strong></span> <span class='ocrx_word' id='word_1_40' title='bbox 875 1242 939 1287; x_wconf 85' lang='lat' dir='ltr'><strong>non</strong></span> <span class='ocrx_word' id='word_1_41' title='bbox 966 1224 1008 1288; x_wconf 85' lang='lat' dir='ltr'><strong>ita</strong></span> <span class='ocrx_word' id='word_1_42' title='bbox 1026 1227 1261 1310; x_wconf 85' lang='lat' dir='ltr'><strong>accipiendum,</strong></span> 
     </span>
     <span class='ocr_line' id='line_1_8' title="bbox 319 1340 1262 1426; baseline 0.008 -24"><span class='ocrx_word' id='word_1_43' title='bbox 319 1341 409 1419; x_wconf 84' lang='lat' dir='ltr'><strong>quasi</strong></span> <span class='ocrx_word' id='word_1_44' title='bbox 433 1340 606 1419; x_wconf 83' lang='lat' dir='ltr'><strong>retrogradi</strong></span> <span class='ocrx_word' id='word_1_45' title='bbox 625 1341 785 1419; x_wconf 85' lang='lat' dir='ltr'><strong>velimus,</strong></span> <span class='ocrx_word' id='word_1_46' title='bbox 818 1341 1006 1423; x_wconf 84' lang='lat' dir='ltr'><strong>missisque,</strong></span> <span class='ocrx_word' id='word_1_47' title='bbox 1045 1360 1127 1426; x_wconf 88' lang='lat' dir='ltr'><strong>quae</strong></span> <span class='ocrx_word' id='word_1_48' title='bbox 1146 1343 1262 1411; x_wconf 80' lang='lat' dir='ltr'><strong>adsum</strong></span> 
     </span>
     <span class='ocr_line' id='line_1_9' title="bbox 319 1454 1260 1540; baseline 0.007 -20"><span class='ocrx_word' id='word_1_49' title='bbox 319 1454 438 1535; x_wconf 88' lang='lat' dir='ltr'><strong>nobis,</strong></span> <span class='ocrx_word' id='word_1_50' title='bbox 469 1456 638 1520; x_wconf 85' lang='lat' dir='ltr'><strong>Veteribus</strong></span> <span class='ocrx_word' id='word_1_51' title='bbox 659 1455 849 1536; x_wconf 83' lang='lat' dir='ltr'><strong>defuerunt,</strong></span> <span class='ocrx_word' id='word_1_52' title='bbox 886 1455 1047 1522; x_wconf 88' lang='lat' dir='ltr'><strong>doctrinae</strong></span> <span class='ocrx_word' id='word_1_53' title='bbox 1076 1458 1260 1540; x_wconf 82' lang='lat' dir='ltr'><strong>saptentiae·</strong></span> 
     </span>
     <span class='ocr_line' id='line_1_10' title="bbox 320 1570 1312 1659; baseline 0.007 -23"><span class='ocrx_word' id='word_1_54' title='bbox 320 1591 383 1653; x_wconf 90' lang='lat' dir='ltr'><strong>que</strong></span> <span class='ocrx_word' id='word_1_55' title='bbox 404 1572 620 1652; x_wconf 85' lang='lat' dir='ltr'><strong>adminiculis,</strong></span> <span class='ocrx_word' id='word_1_56' title='bbox 652 1572 711 1637; x_wconf 89' lang='lat' dir='ltr'><strong>iter</strong></span> <span class='ocrx_word' id='word_1_57' title='bbox 735 1586 880 1637; x_wconf 86' lang='lat' dir='ltr'><strong>nostrum</strong></span> <span class='ocrx_word' id='word_1_58' title='bbox 904 1570 1033 1654; x_wconf 89' lang='lat' dir='ltr'><strong>iisdem,</strong></span> <span class='ocrx_word' id='word_1_59' title='bbox 1056 1573 1176 1656; x_wconf 84' lang='lat' dir='ltr'><strong>quibus</strong></span> <span class='ocrx_word' id='word_1_60' title='bbox 1196 1576 1259 1643; x_wconf 85' lang='lat' dir='ltr'><strong>Ve-</strong></span> <span class='ocrx_word' id='word_1_61' title='bbox 1306 1648 1312 1659; x_wconf 65' lang='grc'><strong>,</strong></span> 
     </span>
    </p>
   </div>
   <div class='ocr_carea' id='block_1_4' title="bbox 317 1687 1356 1773">
    <p class='ocr_par' dir='ltr' id='par_1_4' title="bbox 317 1687 1356 1773">
     <span class='ocr_line' id='line_1_11' title="bbox 317 1687 1356 1773; baseline 0.003 -16"><span class='ocrx_word' id='word_1_62' title='bbox 317 1706 419 1770; x_wconf 86' lang='lat' dir='ltr'><strong>teres,</strong></span> <span class='ocrx_word' id='word_1_63' title='bbox 447 1690 586 1754; x_wconf 87' lang='lat' dir='ltr'><strong>terminis</strong></span> <span class='ocrx_word' id='word_1_64' title='bbox 616 1687 745 1755; x_wconf 86' lang='lat' dir='ltr'><strong>delinire</strong></span> <span class='ocrx_word' id='word_1_65' title='bbox 764 1689 941 1773; x_wconf 82' lang='lat' dir='ltr'><strong>jubeamus.</strong></span> <span class='ocrx_word' id='word_1_66' title='bbox 1005 1689 1122 1755; x_wconf 88' lang='lat' dir='ltr'><strong>Vetant</strong></span> <span class='ocrx_word' id='word_1_67' title='bbox 1143 1692 1205 1759; x_wconf 89' lang='lat' dir='ltr'><strong>hoc</strong></span> <span class='ocrx_word' id='word_1_68' title='bbox 1227 1708 1258 1759; x_wconf 89' lang='lat' dir='ltr'><strong>et</strong></span> <span class='ocrx_word' id='word_1_69' title='bbox 1352 1712 1356 1723; x_wconf 91' lang='grc'><em>·</em></span> 
     </span>
    </p>
   </div>
   <div class='ocr_carea' id='block_1_5' title="bbox 317 1806 1354 3291">
    <p class='ocr_par' dir='ltr' id='par_1_5' title="bbox 317 1806 1354 3291">
     <span class='ocr_line' id='line_1_12' title="bbox 319 1806 1354 1899; baseline 0.005 -28"><span class='ocrx_word' id='word_1_70' title='bbox 319 1806 377 1872; x_wconf 88' lang='lat' dir='ltr'><strong>alia</strong></span> <span class='ocrx_word' id='word_1_71' title='bbox 398 1808 571 1889; x_wconf 87' lang='lat' dir='ltr'><strong>permulta,</strong></span> <span class='ocrx_word' id='word_1_72' title='bbox 603 1819 635 1899; x_wconf 80' lang='lat' dir='ltr'><strong>et</strong></span> <span class='ocrx_word' id='word_1_73' title='bbox 668 1823 743 1869; x_wconf 84' lang='lat' dir='ltr'><strong>vero</strong></span> <span class='ocrx_word' id='word_1_74' title='bbox 772 1806 954 1890; x_wconf 81' lang='lat' dir='ltr'><strong>religionis,</strong></span> <span class='ocrx_word' id='word_1_75' title='bbox 989 1825 1071 1888; x_wconf 91' lang='lat' dir='ltr'><strong>quae</strong></span> <span class='ocrx_word' id='word_1_76' title='bbox 1092 1823 1167 1891; x_wconf 84' lang='lat' dir='ltr'><strong>post</strong></span> <span class='ocrx_word' id='word_1_77' title='bbox 1187 1809 1258 1877; x_wconf 89' lang='lat' dir='ltr'><strong>illo-</strong></span> <span class='ocrx_word' id='word_1_78' title='bbox 1348 1878 1354 1887; x_wconf 81' lang='grc'>,</span> 
     </span>
     <span class='ocr_line' id='line_1_13' title="bbox 321 1922 1257 2015; baseline 0.004 -26"><span class='ocrx_word' id='word_1_79' title='bbox 321 1943 390 1991; x_wconf 88' lang='lat' dir='ltr'><strong>rum</strong></span> <span class='ocrx_word' id='word_1_80' title='bbox 409 1938 548 2005; x_wconf 85' lang='lat' dir='ltr'><strong>tempora</strong></span> <span class='ocrx_word' id='word_1_81' title='bbox 565 1922 711 2001; x_wconf 83' lang='lat' dir='ltr'><strong>exstitit,</strong></span> <span class='ocrx_word' id='word_1_82' title='bbox 731 1940 804 1987; x_wconf 90' lang='lat' dir='ltr'><strong>cum</strong></span> <span class='ocrx_word' id='word_1_83' title='bbox 818 1922 968 2015; x_wconf 80' lang='lat' dir='ltr'><strong>ubertas,</strong></span> <span class='ocrx_word' id='word_1_84' title='bbox 992 1937 1059 1987; x_wconf 91' lang='lat' dir='ltr'><strong>tum</strong></span> <span class='ocrx_word' id='word_1_85' title='bbox 1077 1923 1117 1989; x_wconf 82' lang='lat' dir='ltr'><strong>ad</strong></span> <span class='ocrx_word' id='word_1_86' title='bbox 1135 1926 1257 2009; x_wconf 83' lang='lat' dir='ltr'><strong>sapien-</strong></span> 
     </span>
     <span class='ocr_line' id='line_1_14' title="bbox 321 2036 1257 2108; baseline 0.002 -2"><span class='ocrx_word' id='word_1_87' title='bbox 321 2042 382 2106; x_wconf 87' lang='lat' dir='ltr'><strong>tiae</strong></span> <span class='ocrx_word' id='word_1_88' title='bbox 411 2042 489 2105; x_wconf 86' lang='lat' dir='ltr'><strong>viam</strong></span> <span class='ocrx_word' id='word_1_89' title='bbox 515 2056 599 2104; x_wconf 91' lang='lat' dir='ltr'><strong>recte</strong></span> <span class='ocrx_word' id='word_1_90' title='bbox 619 2039 779 2103; x_wconf 88' lang='lat' dir='ltr'><strong>tenendam</strong></span> <span class='ocrx_word' id='word_1_91' title='bbox 802 2036 981 2105; x_wconf 84' lang='lat' dir='ltr'><strong>efficacitas.</strong></span> <span class='ocrx_word' id='word_1_92' title='bbox 1012 2039 1074 2105; x_wconf 84' lang='lat' dir='ltr'><strong>Sed</strong></span> <span class='ocrx_word' id='word_1_93' title='bbox 1092 2040 1140 2106; x_wconf 87' lang='lat' dir='ltr'><strong>sic</strong></span> <span class='ocrx_word' id='word_1_94' title='bbox 1160 2041 1257 2108; x_wconf 82' lang='lat' dir='ltr'><strong>velim</strong></span> 
     </span>
     <span class='ocr_line' id='line_1_15' title="bbox 320 2153 1258 2241; baseline 0.003 -19"><span class='ocrx_word' id='word_1_95' title='bbox 320 2174 361 2222; x_wconf 83' lang='lat' dir='ltr'><strong>ex</strong></span> <span class='ocrx_word' id='word_1_96' title='bbox 380 2156 509 2237; x_wconf 70' lang='lat' dir='ltr'><strong>antiqui.</strong></span> <span class='ocrx_word' id='word_1_97' title='bbox 536 2156 589 2221; x_wconf 77' lang='lat' dir='ltr'><strong>illa</strong></span> <span class='ocrx_word' id='word_1_98' title='bbox 610 2154 812 2237; x_wconf 78' lang='lat' dir='ltr'><strong>philosophia</strong></span> <span class='ocrx_word' id='word_1_99' title='bbox 834 2153 1057 2237; x_wconf 85' lang='lat' dir='ltr'><strong>proficiamus,</strong></span> <span class='ocrx_word' id='word_1_100' title='bbox 1089 2170 1148 2239; x_wconf 91' lang='lat' dir='ltr'><strong>ut,</strong></span> <span class='ocrx_word' id='word_1_101' title='bbox 1174 2156 1258 2241; x_wconf 83' lang='lat' dir='ltr'><strong>quid</strong></span> 
     </span>
     <span class='ocr_line' id='line_1_16' title="bbox 319 2271 1256 2357; baseline 0.003 -19"><span class='ocrx_word' id='word_1_102' title='bbox 319 2274 363 2339; x_wconf 85' lang='lat' dir='ltr'><strong>sit</strong></span> <span class='ocrx_word' id='word_1_103' title='bbox 384 2274 606 2356; x_wconf 87' lang='lat' dir='ltr'><strong>philosophia,</strong></span> <span class='ocrx_word' id='word_1_104' title='bbox 642 2292 705 2355; x_wconf 88' lang='lat' dir='ltr'><strong>qua</strong></span> <span class='ocrx_word' id='word_1_105' title='bbox 729 2272 771 2336; x_wconf 90' lang='lat' dir='ltr'><strong>sit</strong></span> <span class='ocrx_word' id='word_1_106' title='bbox 793 2271 847 2338; x_wconf 77' lang='lat' dir='ltr'><strong>vil</strong></span> <span class='ocrx_word' id='word_1_107' title='bbox 868 2288 900 2336; x_wconf 89' lang='lat' dir='ltr'><strong>et</strong></span> <span class='ocrx_word' id='word_1_108' title='bbox 929 2275 1048 2338; x_wconf 88' lang='lat' dir='ltr'><strong>ratione</strong></span> <span class='ocrx_word' id='word_1_109' title='bbox 1073 2274 1256 2357; x_wconf 81' lang='lat' dir='ltr'><strong>tractanda,</strong></span> 
     </span>
     <span class='ocr_line' id='line_1_17' title="bbox 320 2387 1256 2483; baseline 0.003 -28"><span class='ocrx_word' id='word_1_110' title='bbox 320 2410 387 2472; x_wconf 91' lang='lat' dir='ltr'><strong>quo</strong></span> <span class='ocrx_word' id='word_1_111' title='bbox 417 2390 548 2455; x_wconf 81' lang='lat' dir='ltr'><strong>maxime</strong></span> <span class='ocrx_word' id='word_1_112' title='bbox 573 2387 617 2453; x_wconf 89' lang='lat' dir='ltr'><strong>sit</strong></span> <span class='ocrx_word' id='word_1_113' title='bbox 642 2388 779 2452; x_wconf 89' lang='lat' dir='ltr'><strong>consilio</strong></span> <span class='ocrx_word' id='word_1_114' title='bbox 809 2390 1038 2471; x_wconf 89' lang='lat' dir='ltr'><strong>propositoque</strong></span> <span class='ocrx_word' id='word_1_115' title='bbox 1066 2392 1256 2483; x_wconf 78' lang='lat' dir='ltr'><strong>excolenda,</strong></span> 
     </span>
     <span class='ocr_line' id='line_1_18' title="bbox 320 2504 1283 2595; baseline 0.004 -24"><span class='ocrx_word' id='word_1_116' title='bbox 320 2522 386 2595; x_wconf 86' lang='lat' dir='ltr'><strong>tum</strong></span> <span class='ocrx_word' id='word_1_117' title='bbox 406 2508 438 2573; x_wconf 91' lang='lat' dir='ltr'><strong>in</strong></span> <span class='ocrx_word' id='word_1_118' title='bbox 454 2506 584 2592; x_wconf 89' lang='lat' dir='ltr'><strong>primis,</strong></span> <span class='ocrx_word' id='word_1_119' title='bbox 598 2507 857 2588; x_wconf 87' lang='lat' dir='ltr'><strong>quemadmodum</strong></span> <span class='ocrx_word' id='word_1_120' title='bbox 874 2504 913 2571; x_wconf 87' lang='lat' dir='ltr'><strong>ad</strong></span> <span class='ocrx_word' id='word_1_121' title='bbox 931 2520 1013 2571; x_wconf 79' lang='lat' dir='ltr'><strong>artes</strong></span> <span class='ocrx_word' id='word_1_122' title='bbox 1034 2506 1256 2592; x_wconf 84' lang='lat' dir='ltr'><strong>doctrinasque</strong></span> <span class='ocrx_word' id='word_1_123' title='bbox 1278 2506 1283 2514; x_wconf 81' lang='grc'><strong>’</strong></span> 
     </span>
     <span class='ocr_line' id='line_1_19' title="bbox 320 2621 1255 2708; baseline 0.002 -18"><span class='ocrx_word' id='word_1_124' title='bbox 320 2644 429 2691; x_wconf 87' lang='lat' dir='ltr'><strong>omnes</strong></span> <span class='ocrx_word' id='word_1_125' title='bbox 453 2623 667 2708; x_wconf 88' lang='lat' dir='ltr'><strong>provehendas</strong></span> <span class='ocrx_word' id='word_1_126' title='bbox 688 2622 861 2688; x_wconf 86' lang='lat' dir='ltr'><strong>adhibenda</strong></span> <span class='ocrx_word' id='word_1_127' title='bbox 882 2621 948 2703; x_wconf 90' lang='lat' dir='ltr'><strong>sit,</strong></span> <span class='ocrx_word' id='word_1_128' title='bbox 968 2621 1138 2689; x_wconf 84' lang='lat' dir='ltr'><strong>discamus.</strong></span> <span class='ocrx_word' id='word_1_129' title='bbox 1182 2622 1255 2692; x_wconf 77' lang='lat' dir='ltr'><strong>eloe</strong></span> 
     </span>
     <span class='ocr_line' id='line_1_20' title="bbox 319 2738 1252 2824; baseline -0.002 -16"><span class='ocrx_word' id='word_1_130' title='bbox 319 2744 397 2810; x_wconf 91' lang='lat' dir='ltr'><strong>illud</strong></span> <span class='ocrx_word' id='word_1_131' title='bbox 420 2761 492 2824; x_wconf 87' lang='lat' dir='ltr'><strong>est,</strong></span> <span class='ocrx_word' id='word_1_132' title='bbox 514 2742 600 2822; x_wconf 90' lang='lat' dir='ltr'><strong>quod</strong></span> <span class='ocrx_word' id='word_1_133' title='bbox 620 2742 658 2805; x_wconf 88' lang='lat' dir='ltr'><strong>ab</strong></span> <span class='ocrx_word' id='word_1_134' title='bbox 681 2739 771 2805; x_wconf 90' lang='lat' dir='ltr'><strong>initio</strong></span> <span class='ocrx_word' id='word_1_135' title='bbox 793 2738 930 2821; x_wconf 87' lang='lat' dir='ltr'><strong>scripsi,</strong></span> <span class='ocrx_word' id='word_1_136' title='bbox 952 2740 1057 2805; x_wconf 82' lang='lat' dir='ltr'><strong>ethic</strong></span> <span class='ocrx_word' id='word_1_137' title='bbox 1081 2738 1252 2806; x_wconf 77' lang='lat' dir='ltr'><strong>iterandum</strong></span> 
     </span>
     <span class='ocr_line' id='line_1_21' title="bbox 317 2855 1252 2941; baseline -0.004 -15"><span class='ocrx_word' id='word_1_138' title='bbox 317 2878 450 2926; x_wconf 83' lang='lat' dir='ltr'><strong>censeo:</strong></span> <span class='ocrx_word' id='word_1_139' title='bbox 482 2857 608 2941; x_wconf 89' lang='lat' dir='ltr'><strong>prodire</strong></span> <span class='ocrx_word' id='word_1_140' title='bbox 637 2877 655 2920; x_wconf 88' lang='lat' dir='ltr'><strong>e</strong></span> <span class='ocrx_word' id='word_1_141' title='bbox 683 2858 810 2924; x_wconf 88' lang='lat' dir='ltr'><strong>scholae</strong></span> <span class='ocrx_word' id='word_1_142' title='bbox 836 2855 992 2937; x_wconf 77' lang='lat' dir='ltr'><strong>angustiis</strong></span> <span class='ocrx_word' id='word_1_143' title='bbox 1011 2875 1048 2921; x_wconf 87' lang='lat' dir='ltr'><strong>ac</strong></span> <span class='ocrx_word' id='word_1_144' title='bbox 1068 2855 1174 2940; x_wconf 75' lang='lat' dir='ltr'><strong>generi</strong></span> <span class='ocrx_word' id='word_1_145' title='bbox 1194 2857 1252 2923; x_wconf 92' lang='lat' dir='ltr'><strong>hu-</strong></span> 
     </span>
     <span class='ocr_line' id='line_1_22' title="bbox 318 2971 1253 3057; baseline -0.003 -15"><span class='ocrx_word' id='word_1_146' title='bbox 318 2996 411 3042; x_wconf 90' lang='lat' dir='ltr'><strong>mano</strong></span> <span class='ocrx_word' id='word_1_147' title='bbox 444 2976 593 3057; x_wconf 88' lang='lat' dir='ltr'><strong>prodesse</strong></span> <span class='ocrx_word' id='word_1_148' title='bbox 626 2972 827 3055; x_wconf 87' lang='lat' dir='ltr'><strong>philosophia</strong></span> <span class='ocrx_word' id='word_1_149' title='bbox 861 2973 976 3053; x_wconf 90' lang='lat' dir='ltr'><strong>debet,</strong></span> <span class='ocrx_word' id='word_1_150' title='bbox 1012 2971 1093 3054; x_wconf 85' lang='lat' dir='ltr'><strong>sod,</strong></span> <span class='ocrx_word' id='word_1_151' title='bbox 1124 2973 1185 3038; x_wconf 85' lang='lat' dir='ltr'><strong>hoc</strong></span> <span class='ocrx_word' id='word_1_152' title='bbox 1217 2987 1253 3039; x_wconf 92' lang='lat' dir='ltr'><strong>ut</strong></span> 
     </span>
     <span class='ocr_line' id='line_1_23' title="bbox 319 3089 1253 3179; baseline 0.001 -21"><span class='ocrx_word' id='word_1_153' title='bbox 319 3094 390 3168; x_wconf 89' lang='lat' dir='ltr'><strong>liat,</strong></span> <span class='ocrx_word' id='word_1_154' title='bbox 419 3090 606 3179; x_wconf 76' lang='lat' dir='ltr'><strong>philosophos</strong></span> <span class='ocrx_word' id='word_1_155' title='bbox 631 3106 758 3172; x_wconf 85' lang='lat' dir='ltr'><strong>oportet</strong></span> <span class='ocrx_word' id='word_1_156' title='bbox 787 3092 847 3155; x_wconf 91' lang='lat' dir='ltr'><strong>rite</strong></span> <span class='ocrx_word' id='word_1_157' title='bbox 871 3107 941 3155; x_wconf 85' lang='lat' dir='ltr'><strong>esse</strong></span> <span class='ocrx_word' id='word_1_158' title='bbox 964 3089 999 3153; x_wconf 87' lang='lat' dir='ltr'><strong>in</strong></span> <span class='ocrx_word' id='word_1_159' title='bbox 1020 3090 1131 3157; x_wconf 72' lang='lat' dir='ltr'><strong>scholi</strong></span> <span class='ocrx_word' id='word_1_160' title='bbox 1149 3090 1253 3159; x_wconf 85' lang='lat' dir='ltr'><strong>erudi·</strong></span> 
     </span>
     <span class='ocr_line' id='line_1_24' title="bbox 320 3204 1154 3291; baseline 0 -16"><span class='ocrx_word' id='word_1_161' title='bbox 320 3226 395 3291; x_wconf 89' lang='lat' dir='ltr'><strong>tos,</strong></span> <span class='ocrx_word' id='word_1_162' title='bbox 417 3209 554 3276; x_wconf 87' lang='lat' dir='ltr'><strong>Socratis</strong></span> <span class='ocrx_word' id='word_1_163' title='bbox 578 3207 709 3273; x_wconf 89' lang='lat' dir='ltr'><strong>maxime</strong></span> <span class='ocrx_word' id='word_1_164' title='bbox 729 3227 760 3273; x_wconf 87' lang='lat' dir='ltr'><strong>et</strong></span> <span class='ocrx_word' id='word_1_165' title='bbox 781 3207 920 3274; x_wconf 88' lang='lat' dir='ltr'><strong>Platonis</strong></span> <span class='ocrx_word' id='word_1_166' title='bbox 944 3204 1154 3275; x_wconf 81' lang='lat' dir='ltr'><strong>institutione.</strong></span> 
     </span>
    </p>
   </div>
   <div class='ocr_carea' id='block_1_6' title="bbox 0 0 1452 5168">
    <p class='ocr_par' dir='ltr' id='par_1_6' title="bbox 0 0 1452 5168">
     <span class='ocr_line' id='line_1_25' title="bbox 0 0 1452 5168; baseline 0 2"><span class='ocrx_word' id='word_1_167' title='bbox 0 0 1452 5168; x_wconf 95' lang='lat' dir='ltr'><strong> </strong></span> 
     </span>
    </p>
   </div>
   <div class='ocr_carea' id='block_1_7' title="bbox 1442 2024 1453 4175">
    <p class='ocr_par' dir='ltr' id='par_1_7' title="bbox 1442 2024 1453 4175">
     <span class='ocr_line' id='line_1_26' title="bbox 1442 2024 1453 4175; baseline 0 0"><span class='ocrx_word' id='word_1_168' title='bbox 1442 2024 1453 4175; x_wconf 95' lang='lat' dir='ltr'><strong> </strong></span> 
     </span>
    </p>
   </div>
  </div>
 </body>
</html>
