2896 5168
561 473 755 544 ''¹¹5¹'‘

159 642 302 713 ‚iccirco
328 640 444 708 ironice
476 658 533 708 trec
565 642 634 709 sine
668 652 832 708 contemtu
865 637 1039 720 exagitabat
1064 656 1119 707 so·

184 760 308 843 phistas
338 770 407 827 calm
431 765 541 841 poetas
573 750 743 840 plerosque
776 774 807 824 et
832 771 997 838 oratores,
1030 758 1119 839 quod

185 877 313 944 virtutis
330 875 535 961 justitiaeque
559 873 613 940 vix
640 876 732 941 taliam
764 875 876 941 habere
899 873 1050 939 rationem
1071 875 1120 940 vi·

184 993 360 1060 debantura
393 990 489 1071 idque
515 990 620 1072 ipsum
649 988 681 1055 in
713 989 841 1074 scriptis
865 989 932 1055 suis
953 987 1120 1073 reprehen-

185 1108 232 1178 dit
252 1107 408 1188 maxime3
440 1120 596 1174 caeterum
625 1125 702 1172 vero
728 1108 896 1173 eorundem
930 1106 962 1170 in
990 1104 1117 1185 literas,

186 1225 219 1290 in
238 1225 336 1309 ipsam
357 1223 592 1308 philosophiam
620 1223 729 1289 merita
760 1240 826 1288 non
854 1223 988 1289 reticuit.
1031 1221 1122 1306 Quae

185 1342 264 1409 ratio
291 1341 423 1420 oliorum
449 1340 541 1406 etiam
572 1341 807 1407 Socraticorum
844 1336 919 1407 fult.
973 1339 1056 1405 Nam
1085 1353 1122 1405 ut
1202 1411 1208 1422 ,

79 1541 83 1549 ¹
183 1460 272 1526 Plttto
299 1459 513 1540 Protagorae,
536 1477 628 1538 quam
644 1459 739 1524 modo
770 1456 913 1538 laudavi,
943 1455 986 1522 ira
1015 1459 1122 1523 Xeno-

184 1574 274 1658 phon
295 1572 419 1639 Prodici
449 1570 612 1651 fabulam,
633 1570 775 1638 eximiam
801 1572 882 1638 illam
919 1587 950 1639 et
980 1573 1124 1656 philoso-

184 1691 280 1772 pham
301 1688 341 1754 de
362 1688 502 1755 Hercule
530 1687 563 1753 in
588 1686 761 1754 scribendis
784 1690 927 1755 Socratis
959 1690 1122 1757 Memora·

184 1805 296 1870 bilibus
320 1804 550 1875 commendavit
580 1803 641 1870 (Ι).
694 1805 764 1870 Nec
791 1823 867 1871 vero
900 1824 1031 1887 prorsus
1063 1809 1121 1873 ab·

187 1922 355 1989 horrebant
379 1923 572 1990 aSocratici
598 1938 630 1989 et
651 1922 812 1989 Platonici
843 1921 1048 2005 philosophia
1068 1942 1121 1988 so-

187 2039 360 2122 phistarum
384 2037 523 2121 placita,
545 2038 594 2104 uti
615 2057 634 2107 e
654 2040 771 2106 labulis
792 2039 880 2120 illis,
904 2041 958 2107 sed
980 2055 1118 2123 praeter·

187 2173 224 2222 ea
249 2173 289 2223 ex
325 2154 375 2222 bis
401 2154 479 2238 ipsis
508 2172 618 2220 eornm
647 2156 685 2224 de
714 2161 867 2239 perpetua
896 2157 1036 2226 omnium
1069 2178 1121 2225 re·
1170 2173 1176 2182 ·

189 2291 258 2340 rom
278 2269 485 2338 fluctuatione
504 2271 668 2338 sententiis
687 2287 784 2355 patet.

270 2507 456 2578 Placita
499 2506 588 2572 illa
628 2504 678 2572 de
717 2507 920 2595 opinione
957 2526 1038 2571 non

381 2642 554 2714 prorsus
592 2624 751 2706 rejecit
787 2625 931 2692 Plato.

227 2872 408 2945 Convenlre
428 2892 501 2940 cum
529 2872 593 2941 illis
614 2875 720 2958 aliqua
748 2890 834 2941 certe
863 2888 953 2960 parte
982 2876 1125 2959 philoso-

86 3050 89 3056 .
186 2992 290 3075 phiam
314 2990 477 3069 Platonis,
510 2988 583 3054 inde
610 2991 810 3070 suspicamur
829 2993 1005 3075 continuo,
1036 2994 1124 3077 qnod

187 3104 366 3173 Academici
405 3104 572 3187 aliquando
600 3105 694 3186 plane
726 3104 834 3170 eadem
862 3107 983 3172 ratione
1010 3110 1049 3174 de
1077 3129 1124 3175 re·

185 3224 247 3290 bos
276 3221 423 3289 omnibus
451 3220 646 3289 dubitarunt.
692 3222 754 3287 Sed
776 3222 863 3288 Plato
887 3223 976 3306 ipse,
1000 3221 1032 3288 in
1053 3243 1125 3307 pes,

187 3344 283 3426 petuh
310 3314 484 3408 mutatione
511 3339 616 3404 omnia
635 3356 730 3421 esse,
764 3357 845 3422 quae
874 3339 1019 3407 sensibus
1052 3360 1125 3426 per·

185 3460 369 3544 cipiuntur‚
391 3475 457 3524 non
474 3456 645 3523 diffiteturt
669 3454 775 3522 ubivis
801 3471 950 3525 memorat
970 3463 1012 3529 ab
1030 3462 1122 3543 iota,

181 3592 269 3660 qnae
294 3591 415 3656 sunt,
444 3575 579 3657 opponit
602 3588 704 3641 autem
726 3573 787 3637 illis
809 3581 850 3659 ph
881 3579 1046 3660 γιγνόμενα
1071 3582 1122 3649 καὶ

126 3738 130 3750 ·
187 3696 412 3776 strimonos,
436 3709 515 3773 quae
540 3692 579 3759 ad
605 3707 718 3757 sensus
738 3688 844 3756 refert.
888 3692 922 3757 Si
946 3693 1016 3775 quis
1043 3694 1122 3761 alins

187 3809 271 3893 apud
298 3810 459 3876 Platonem
488 3824 591 3876 sermo
621 3807 723 3893 ipsius
755 3808 937 3877 sententiam
965 3808 1121 3892 declarat,-

1073 3944 1122 3995 est

223 4066 264 4136 (a)
283 4062 308 4117 L
327 4061 366 4117 11.
385 4077 409 4114 a·
429 4065 517 4131 §.210
