2896 5168
732 390 952 454 ·-80·-

384 568 502 632 mundo
532 582 598 634 non
627 566 688 633 nisi
707 553 833 633 caussas
862 566 984 634 studuit
1005 520 1182 652 executore.
1214 572 1317 656 Platoa

384 669 528 752 uie'vero
546 683 700 752 contraria
719 672 783 748 fuit
793 683 826 749 in
836 665 1090 769 philosophamdo
1106 688 1168 754 via.
1194 688 1318 776 Nempe

336 864 341 871 ,
380 789 415 869 iri
433 802 469 869 ei
500 820 686 888 progressus
707 815 779 878 eat,
801 820 896 884 quam
918 803 1051 885 primum
1074 822 1235 890 aperuerat
1257 810 1318 875 So·

382 934 503 998 crater,
528 932 584 998 ut,
607 916 712 999 missis
733 918 922 986 sublimibus
950 921 1022 990 istis
1041 894 1221 993 lonicorum
1253 926 1317 992 die*

384 1035 672 1120 ansrtronuum
699 1013 817 1120 ciuibus
842 1037 1009 1106 difficurter
1031 1041 1104 1124 quis
1134 1044 1173 1109 aa
1205 1061 1241 1109 se
1268 1060 1318 1111 re·

381 1152 480 1232 diret,
502 1133 522 1219 a
548 1167 647 1220 semet
677 1153 776 1237 ipso,
798 1153 836 1220 ab
870 1154 1007 1220 hominis
1028 1156 1153 1222 'animo'
1172 1159 1316 1241 philoso⁴

379 1269 474 1355 phiae
500 1252 628 1338 duceret
649 1271 793 1351 initium,
816 1269 954 1352 indeque
976 1272 1015 1335 ad
1043 1285 1146 1340 rerum
1175 1289 1315 1342 naturam

378 1382 411 1455 'et
443 1387 796 1468 mundi-conditorem,
837 1387 963 1467 Deum,
998 1388 1190 1455 escenderet.
1233 1393 1318 1456 loni·

379 1525 440 1603 cos,
464 1506 562 1585 illos,
589 1503 759 1587 ipsumque
784 1506 998 1588 Anaxagoram
1026 1503 1196 1588 respiciens
1221 1507 1316 1574 Cice·

380 1618 438 1703 io,
472 1622 512 1690 de
538 1623 667 1691 Socrate
698 1621 800 1704 dixit,
832 1621 1069 1704 innotuisse,
1101 1622 1156 1705 qui
1178 1643 1196 1690 a
1220 1628 1313 1691 coelo
1416 1628 1420 1634 ’

378 1752 523 1806 avocaret
553 1719 801 1823 philosophiam.
857 1736 909 1804 Sic
927 1737 1010 1805 enim
1039 1737 1093 1805 ille
1113 1739 1312 1807 nobilissimo

378 1861 451 1926 ioco
491 1855 523 1924 in
558 1855 752 1929 Tusculanis
786 1855 1038 1938 quaestionibus.
1092 1855 1144 1924 Ab
1175 1860 1314 1945 antiqua

371 1952 571 2066 philosopiid
598 1995 694 2060 usque
730 1971 776 2039 aa
795 1973 978 2054 Sacraria,
1010 1975 1068 2061 qui
1096 1974 1312 2057 Archelaum,

376 2092 596 2178 Anaxagorae
615 2087 826 2178 discipulum,
848 2088 1022 2171 audierat,
1056 2095 1181 2157 numeri
1201 2108 1315 2159 matus·

378 2230 438 2299 que
459 2207 690 2278 tractabantur
717 2223 748 2274 et
770 2205 852 2272 unde
881 2211 985 2274 amaia
1005 2211 1195 2293 attremat,
1216 2231 1314 2297 quere

376 2325 577 2396 reciderent:
597 2325 788 2412 studioseque
814 2323 854 2388 ab
884 2327 933 2393 his
953 2325 1090 2393 siderum
1120 2327 1313 2413 magnitudi-

373 2435 450 2529 ites,
479 2443 685 2523 inter-ralla,⁴
713 2446 825 2508 aursus
856 2442 1110 2526 anquirebantur
1135 2458 1166 2506 et
1196 2460 1312 2509 cuneta

373 2566 529 2633 eoelestia.
575 2562 717 2624 Socrates
740 2569 846 2620 autera
861 2557 999 2646 primus·
1005 2558 1228 2643 philosophiam
1260 2558 1312 2625 de·

377 2672 501 2749 uacauit
531 2653 651 2739 e'eoeia
684 2686 715 2736 et
744 2673 780 2734 ia
803 2668 932 2735 urbibus
955 2670 1117 2738 collocarit
1141 2687 1173 2739 et
1192 2676 1228 2738 ia
1256 2674 1310 2741 de·
1359 2721 1361 2726 -

376 2815 439 2861 mas
461 2773 557 2858 etiara
577 2786 758 2854 introduxit
784 2801 815 2852 et
835 2778 945 2872 e'ae‘git¹
961 2785 999 2852 de
1011 2792 1088 2855 'rita
1118 2804 1148 2856 et
1175 2793 1310 2859 arabus

375 2912 526 2998 rebusque
545 2907 630 2973 banis
658 2921 689 2971 et
716 2884 808 2970 maiis
831 2924 996 2992 quaerere.
1019 2907 1066 2970 (ι)
1108 2906 1210 2993 Quam
1238 2927 1310 2976 ean.

375 3030 446 3097 dem
485 3027 670 3093 sententiam
700 3021 815 3090 Cicero
842 3022 954 3089 iisdem
983 3027 1208 3108 propemodum
1240 3044 1310 3095 ver·

373 3148 426 3216 bis
448 3144 572 3231 saepius
595 3139 785 3225 usurpavit,
808 3156 844 3207 ut
866 3140 898 3206 in
921 3139 1117 3208 Academicis
1141 3125 1310 3230 Quaestio·

373 3266 489 3334 uibus.¹
528 3237 671 3327 Socrates
695 3258 774 3321 mihi
798 3256 944 3337 ridetur,
965 3255 1004 3320 id
1026 3258 1110 3342 quod
1124 3275 1245 3326 constat
1261 3264 1312 3325 irt-

369 3390 426 3451 'ter
453 3399 571 3457 amnes,
591 3378 776 3462 primus
737 3395 759 3439 a
790 3373 880 3442 rebus
898 3372 1024 3440 occultis
1043 3388 1074 3440 et
1097 3374 1138 3440 ab
1164 3376 1238 3464 ipse
1252 3399 1309 3443 aa·

367 3496 457 3577 rard
476 3494 652 3585 irrupturis,
673 3459 838 3577 inquibat
864 3509 964 3565 omues
987 3506 1062 3557 aare
1086 3512 1154 3587 eura
1179 3495 1310 3580 phileto·
1362 3492 1365 3497 ’

372 3613 431 3702 pti,
457 3610 599 3696 occupati
620 3609 785 3694 fueraut,
819 3610 994 3675 aeramine
1019 3576 1242 3700 philosophiam
1277 3629 1309 3683 et

373 3727 421 3799 ed
444 3728 543 3798 eiiam
567 3733 755 3793 communem
774 3723 965 3794 adduxisse:
986 3740 1017 3795 et
1030 3726 1069 3794 de
1087 3728 1269 3797 uirtutibus
1276 3747 1307 3796 et

1263 3845 1311 3911 ri·

411 3984 453 4059 (1)
478 3983 558 4036 auae.
578 3981 695 4049 aanor.
713 3973 749 4032 v.
767 3977 794 4031 a.
