2896 5168
455 776 634 839 Civitati
666 776 839 858 optimae
869 773 975 837 domo

303 903 579 976 eomparatur.
644 886 699 950 Do
729 885 966 952 uirtutibus
996 889 1145 971 animi,

527 1046 529 1050 .
597 1005 835 1088 primariis.
1101 994 1104 1000 “

295 1237 458 1321 Distingui
497 1237 569 1301 haec
602 1249 685 1301 recte
719 1236 751 1301 in
784 1235 886 1301 animo
917 1236 1078 1318 hominis,
1120 1238 1180 1307 nisi

258 1335 584 1439 summa-hujusmodi
614 1351 776 1436 diligendi
804 1352 965 1432 adhibiti,
997 1371 1063 1429 nen
1092 1368 1183 1436 pote·

258 1485 338 1539 aaut.
392 1470 475 1536 Hinc
494 1485 595 1534 autem
615 1470 676 1554 jum
707 1468 819 1551 facile,
841 1488 926 1552 quae,
939 1470 1098 1552 primariae
1119 1472 1183 1538 sint

260 1587 355 1663 mimi
382 1588 509 1653 humani
538 1586 691 1666 virtutes,
743 1584 921 1653 efficiamus.
992 1586 1059 1653 Has
1091 1588 1185 1673 igitur

198 1675 204 1732 ἶ
256 1709 377 1773 tandem
397 1705 615 1785 difficultates,
639 1703 684 1769 sic
706 1703 807 1786 pergit
829 1721 924 1786 porro
946 1703 1116 1787 Socrates,
1135 1723 1187 1776 ae·

256 1841 311 1906 gre
325 1806 568 1906 'superavimum
610 1820 750 1901 satisque
770 1819 852 1886 inter
871 1839 931 1887 nus
955 1836 1101 1917 constat,
1139 1826 1184 1895 τὰ

258 1946 340 2011 αὐτὰ
360 1945 415 2022 μὲν
435 1943 466 2008 ἐν
488 1941 596 2015 πόλει,
629 1941 671 2007 τὰ
692 1941 773 2008 αὐτοὶ
794 1937 822 2008 δ’
834 1942 864 2009 ἐν
884 1941 944 2015 ἐνὸς
965 1941 1073 2011 iubam
1093 1948 1183 2024 ψυχῇ

260 2060 331 2136 γένη
359 2062 464 2125 ἐνεῖναι
492 2059 543 2124 καὶ
571 2057 624 2124 ἴσαι
651 2058 702 2124 τὸν
727 2058 861 2141 ἀριθμόν·
891 2052 1183 2142 Ιιαάιειιιηὶνιίιιεὶ,

229 2230 232 2235 .
258 2171 422 2258 eademque
449 2172 582 2252 cujusvis
609 2171 738 2237 dominis
765 2173 870 2236 animo
893 2191 1011 2257 genera
1034 2174 1130 2238 inissa
1155 2187 1206 2257 ii⁴

259 2309 385 2354 numero
404 2292 513 2374 paria.
533 2321 579 2370 5-
610 2286 662 2353 Sic
683 2305 769 2354 saue.
791 2325 834 2341 -
864 2287 950 2373 Quin
969 2287 1060 2353 etiam
1079 2287 1110 2354 id
1131 2304 1187 2354 ne·

258 2406 424 2471 cessarium
447 2421 516 2483 est,
539 2394 796 2486 quemadmodum
826 2421 856 2470 et
887 2418 952 2486 quo
972 2405 1097 2489 sapiens
1117 2421 1183 2474 erat
1248 2448 1253 2457 ·

258 2521 390 2600 civitas,
419 2522 460 2587 ita
482 2538 512 2590 et
531 2523 637 2587 eodem
660 2521 826 2604 sapientem
843 2538 920 2589 esse
944 2523 1112 2590 hominem.
1136 2558 1185 2577 -·

260 2638 404 2723 Quidni?
425 2676 469 2692 -
500 2640 576 2706 Item
602 2658 666 2720 quo
693 2639 785 2705 fortis
810 2641 976 2707 esthemo
1000 2656 1187 2724 etquomo·

258 2759 319 2835 do,
353 2759 459 2822 eodem
491 2771 521 2821 et
549 2757 589 2821 ita
620 2755 732 2821 fortem
764 2776 833 2824 esse
859 2756 1048 2824 civitatema·
1090 2774 1122 2825 et
1150 2738 1186 2827 in

257 2877 385 2943 caeteris
412 2858 558 2940 umnibus
589 2874 628 2939 ad
655 2875 801 2941 virtutem
827 2858 957 2957 utraque
984 2874 1124 2943 similiter
1151 2895 1187 2944 se

259 2992 385 3058 habere.
412 3023 460 3040 -
500 2993 640 3057 Necesse
668 3006 728 3056 est.
760 3028 803 3044 -
846 2991 949 3074 Atqui
975 3008 1006 3059 et
1040 2995 1185 3078 ustum,

259 3128 280 3171 ο
303 3108 449 3184 Glauco,
472 3106 609 3173 dicemus
636 3107 736 3173 virum
765 3108 868 3173 eidem
896 3107 1035 3188 ratione,
1059 3111 1190 3192 quadi·

260 3225 360 3292 cimus
378 3225 546 3289 civitatem.
564 3263 608 3276 -
629 3225 671 3290 Et
684 3226 745 3290 hoc
763 3225 891 3288 omnino
908 3225 1124 3291 necessarium.
1141 3264 1185 3279 -

261 3343 329 3408 Nec
349 3362 423 3406 vero
446 3341 522 3406 illud
539 3339 629 3404 obiiti
652 3360 783 3420 sumus,
805 3340 958 3407 civitatem
990 3360 1028 3407 ex
1060 3361 1098 3407 eo
1131 3360 1190 3406 no·

262 3461 311 3524 bis
335 3460 438 3525 visum
458 3478 525 3524 esse
541 3459 680 3540 justam,
703 3458 800 3538 quia,
822 3477 893 3522 cnm
922 3456 980 3524 tria
1006 3456 1106 3524 adsint
1128 3459 1189 3524 ho·

190 3648 196 3663 .
262 3578 378 3641 minum
408 3593 539 3658 genera,
572 3594 664 3639 suum
699 3575 834 3658 quisque
865 3576 896 3640 in
926 3595 960 3640 ea
987 3577 1091 3659 expiet
1121 3575 1195 3645 offi·‘

262 3693 356 3755 cium.
378 3727 425 3743 -
447 3692 537 3763 Haud
554 3689 698 3772 profecto
720 3690 753 3754 id
770 3691 844 3756 mihi
859 3691 950 3757 obliti
970 3688 1125 3759 videmun
1142 3727 1190 3746 -
1215 3680 1221 3693 “

263 3807 440 3872 Miminisse
467 3786 545 3889 ¹ergo
572 3821 719 3890 eportet,
763 3826 1017 3889 unumquemque
1044 3823 1188 3874 nostrum

262 3943 327 3990 tum
353 3927 471 4009 justum
498 3921 639 3989 futurum
663 3943 698 3988 ac
727 3945 783 3992 sua
812 3940 1026 4007 peracturum,
1048 3926 1103 3990 ubi
1122 3924 1190 3991 sin-

264 4043 354 4122 gulae
372 4041 456 4125 apud
478 4059 546 4104 eum
567 4040 660 4106 animi
680 4057 783 4125 partes
805 4061 860 4106 sua
880 4057 1038 4124 peragent.
1060 4079 1106 4095 -
1125 4041 1194 4108 Mi·

262 4158 268 4180 ⁸
1137 4160 1195 4226 mi·
