2896 5168
620 515 814 578 —uea

252 683 384 762 emptor,
404 696 460 742 ncc
479 695 553 742 uero
572 676 792 760 opinabimur,
810 679 896 758 quod
914 678 1019 742 multis
1039 679 1176 760 placuit,

252 803 286 869 cl
307 801 421 878 cipalis
441 797 524 877 apud
545 796 701 860 Platonem
722 796 760 858 de
785 795 856 876 ipso
877 795 946 860 Deo
964 795 1176 878 accipiendum

253 933 334 980 esse.
378 912 517 979 Artificis
545 911 625 975 enim
659 910 788 995 perfecti
811 913 907 976 instar
935 914 1022 977 Deus
1047 914 1097 976 hlc
1125 930 1181 976 oc·

253 1029 373 1108 currit,
404 1031 442 1093 ed
469 1037 520 1098 τοῦ
549 1034 664 1109 ἀγαθοῦ
698 1030 792 1094 ideam
822 1031 927 1095 rudem
953 1027 1182 1110 informemque

255 1144 408 1210 materiem
429 1144 613 1210 informans.
657 1147 754 1230 Quod
779 1162 879 1211 utitem
913 1145 974 1210 illic
1005 1146 1044 1210 dc
1074 1144 1184 1211 mundi

255 1259 430 1341 primordiis
449 1261 558 1326 leviter
578 1261 841 1343 significavimus,
874 1261 924 1328 hic
956 1280 993 1326 ex
1023 1260 1093 1342 ipso
1124 1257 1183 1324 Ti·

257 1396 344 1442 mreo
375 1380 498 1459 plenius
531 1377 724 1460 interpretari
762 1380 846 1443 licet.
926 1378 1035 1460 Inepte
1065 1374 1185 1460 posteri

256 1496 437 1559 sententiam
470 1496 526 1559 hac
558 1497 598 1560 de
625 1516 657 1559 re
691 1497 829 1561 Plutonis
862 1498 1069 1576 acceperunt:
1129 1512 1183 1558 vc-

256 1610 314 1674 luti
333 1610 507 1691 Epicurei,
540 1630 635 1692 quum
657 1613 757 1677 Deum
784 1611 920 1676 Platonis
944 1610 1047 1690 fabri,
1077 1610 1184 1675 nescio

255 1728 365 1811 cujus,
393 1727 512 1802 instar,
541 1727 717 1806 mundum,
743 1741 898 1808 tamquam
929 1727 1100 1792 aedilicium
1130 1726 1185 1792 ali·

256 1846 342 1925 quod
358 1858 588 1909 construentem
609 1859 639 1907 et
657 1843 863 1908 aedificantem
880 1841 941 1906 sibi
954 1857 1181 1925 proponerent:

257 1962 339 2026 unde
369 1961 460 2027 facile
489 1975 577 2040 erat,
603 1961 753 2026 adversus
783 1962 942 2026 Platonem
965 1960 1071 2026 inanes
1090 1959 1186 2025 cavil-

255 2078 387 2142 lationes
411 2093 531 2158 petctez
556 2079 643 2158 quod
666 2077 740 2143 facit
769 2079 852 2158 apud
875 2078 1059 2144 Ciceronem
1080 2077 1186 2143 Velle·

255 2196 307 2279 jus
335 2195 525 2277 Epicureus.
581 2194 657 2258 Tum
686 2193 842 2275 Velleius,
869 2191 1005 2275 fidenter
1029 2215 1120 2274 sane,
1148 2210 1186 2261 ut
1292 2222 1295 2229 ·

258 2313 353 2378 solent
381 2314 457 2390 isti,
492 2308 572 2374 nihil
600 2325 665 2376 tam
695 2332 824 2390 terens,
857 2333 952 2396 quam
981 2334 1019 2377 ne
1039 2309 1188 2379 dubitare

258 2429 370 2514 aliqua
390 2427 428 2492 de
448 2448 484 2492 re
504 2426 685 2493 uideretur:
706 2443 868 2514 tamquam
888 2429 973 2496 moda
988 2451 1028 2495 en
1047 2431 1186 2497 Deorum

256 2547 383 2612 concilio
410 2559 440 2609 et
474 2565 513 2608 ex
545 2542 682 2631 Epicuri
710 2544 931 2610 intermundiis
967 2545 1188 2614 descendisset:

256 2661 387 2741 audita,
408 2665 532 2744 inquit,
565 2680 624 2723 non
636 2660 752 2739 futiles
773 2665 1056 2746 commenticiasque
1069 2679 1187 2729 senten-

256 2783 341 2856 tias,
365 2799 424 2843 non
442 2773 574 2864 opificem
592 2773 882 2861 aedificatoremque
900 2777 1026 2860 mundi,
1045 2780 1188 2847 Platonis

257 2893 295 2958 de
323 2895 445 2959 Timaea
477 2894 594 2960 Deum.
614 2928 661 2943 -
701 2892 823 2977 ,Quibus
852 2900 932 2957 enim
963 2897 1057 2962 aculis
1088 2902 1189 2964 animi

257 3013 378 3073 intueri
401 3011 505 3094 potuit
535 3024 635 3074 uester
665 3007 759 3074 Plato
784 3008 952 3091 fabricam
983 3013 1072 3077 illam
1103 3016 1190 3080 tanti

258 3130 378 3212 operis,
399 3148 464 3212 qua
484 3128 623 3191 construi
644 3145 665 3189 a
691 3126 758 3191 Deo
786 3143 883 3215 atque
910 3126 1074 3211 aedificari
1098 3112 1188 3198 mun·

256 3240 331 3307 dnm
343 3241 459 3326 facit?
504 3241 591 3328 Quae
613 3245 757 3310 molitio?
780 3267 860 3329 quac
873 3250 1112 3328 ferramenta?
1131 3254 1189 3337 qui

256 3364 382 3426 tectas?
404 3381 484 3445 quae
505 3358 693 3424 machinae?
715 3364 771 3446 qui
789 3365 929 3427 ministri
944 3371 1029 3429 tanti
1050 3370 1189 3435 muneris

252 3475 416 3555 fuerunt?
444 3475 696 3562 quemadmodum
726 3493 829 3541 autam
862 3478 983 3544 obedire
1011 3499 1188 3568 anparere

254 3595 412 3658 uoluntati
441 3596 607 3658 architecti
639 3598 717 3674 air,
749 3597 853 3679 ignit,
881 3618 993 3681 aqua,
1021 3613 1114 3663 terra
1129 3617 1186 3686 pa·

255 3714 415 3776 tuerent?
430 3709 470 3777 (¹)
517 3709 593 3773 Non
622 3710 663 3774 itu
691 3713 757 3792 ipse
785 3712 921 3793 Cicero,
950 3715 1004 3795 qui
1033 3731 1064 3780 et
1089 3716 1183 3782 vertit

255 3828 367 3892 Latinc
394 3827 551 3891 Timaeum
583 3842 613 3889 et
642 3828 719 3892 locis
748 3828 961 3928 indc'sumtis
994 3831 1182 3900 sublimibus

1084 3950 1184 4036 scrip-

288 4080 329 4147 (t)
348 4081 541 4136 Ct'c.de1l'nl.
563 4080 599 4136 D.
618 4080 642 4132 1.
658 4081 684 4134 8.
