2896 5168
636 477 805 538 -28-

255 655 317 731 sit,
340 672 402 717 non
425 656 463 733 tle
483 653 604 738 justitia
629 657 703 737 egit.
721 654 762 721 (ι)
807 657 869 722 illc
898 668 997 719 autem
1026 653 1182 725 Socratici

254 770 371 835 ratione
393 769 504 845 nobis,
531 774 617 852 quod
641 772 672 836 in
700 773 818 839 Politia
846 771 982 838 institnit
1011 772 1121 850 Plato,
1143 772 1182 836 de

252 885 317 952 viti
334 887 444 965 bettl,
465 903 495 951 et
514 887 641 953 omnino
660 889 777 953 eumin
799 889 924 954 modurn
946 889 1096 970 agendum
1110 902 1179 966 est,

252 1017 307 1081 ut,
342 1004 419 1085 quid
442 1002 484 1068 sit
516 1003 547 1067 in
576 1005 678 1068 animo
710 1005 847 1070 hominis
872 1004 1010 1083 iustitia,
1042 1022 1079 1070 ex
1109 1005 1181 1086 ipsi

249 1121 340 1185 animi
365 1124 473 1185 natura
499 1122 700 1202 explicemus.
755 1121 929 1200 Explorate
960 1121 1055 1202 igitur
1081 1121 1180 1185 multo

227 1227 427 1308 'diligentius
459 1225 675 1306 interiusque,
699 1245 790 1309 quam
815 1227 914 1291 adhuc
940 1226 1095 1306 fecimus,
1117 1227 1184 1292 eni·

253 1361 336 1407 mum
359 1342 491 1412 decebit.
535 1341 749 1407 Discrevimus
766 1345 826 1426 jam
854 1343 886 1408 in
905 1362 942 1408 eo
964 1362 982 1408 a
1006 1341 1184 1424 cupiditati·

253 1461 312 1525 bus
329 1460 496 1538 rationem,
519 1461 571 1525 cni
590 1478 696 1542 parere
717 1461 792 1525 israe
812 1459 941 1526 debentt
966 1462 1086 1525 socium
1108 1458 1180 1522 item

252 1576 480 1659 cupiditatum,
519 1577 573 1642 sed
607 1575 662 1657 qui
691 1576 770 1641 idem
804 1577 933 1642 rationis
964 1575 1104 1642 minister
1132 1576 1182 1640 ad·

252 1694 401 1777 jutorque
431 1707 499 1772 est,
522 1693 798 1775 deprehendimus:
845 1695 926 1760 unde
947 1710 1048 1776 partes
1071 1692 1183 1773 animi,

252 1831 329 1892 qrras
353 1827 445 1877 vocat
467 1813 576 1890 Plato,
605 1816 639 1882 τὸ
659 1816 867 1894 ἐπιθυμητικὸν
887 1831 922 1876 ac
943 1817 1081 1894 λογικὸν,
1109 1829 1186 1891 qua·

253 1933 300 1994 les
320 1923 404 2007 sint,
436 1945 625 2008 cognoscere
648 1930 709 2009 jam
738 1928 913 2006 coepimus.
978 1927 1096 1990 Verum
1125 1938 1186 1988 ter·

253 2043 326 2107 tiam
353 2041 380 2104 is
412 2057 527 2120 partem
556 2039 667 2121 adjecit
700 2039 786 2116 illis,
828 2046 862 2110 ri
896 2043 1064 2123 lupariam
1111 2040 1185 2104 haec

256 2176 330 2222 vero
363 2156 523 2233 nondum,
563 2173 642 2234 qnae
672 2153 714 2218 sit
742 2170 775 2219 et
801 2158 924 2237 qualis,
957 2170 1041 2238 patet
1072 2156 1186 2221 nobist

256 2288 340 2341 certe
368 2290 425 2336 nce
453 2273 595 2336 Socrates
621 2288 686 2335 eam
715 2270 747 2335 in
775 2272 892 2353 hymno
911 2272 1048 2352 amoris,
1070 2290 1127 2338 nec
1155 2274 1187 2338 in

257 2390 347 2456 senili
373 2406 514 2453 sermone
537 2387 663 2468 Hospes
688 2387 891 2452 Atheniensis
916 2390 1042 2454 nomine
1073 2409 1189 2456 memo·
1270 2441 1273 2447 .

259 2508 349 2572 ravit.
415 2505 462 2570 Ut
484 2522 561 2601 vero
582 2522 652 2569 cum
679 2517 812 2569 caeteras
838 2505 990 2583 virtutes,
1014 2507 1189 2591 tumjusti·

258 2624 330 2687 tiam
359 2638 579 2700 assequamur,
608 2623 752 2702 θυμοειδὲς
785 2619 861 2683 illud
891 2621 922 2683 in
949 2621 1052 2685 animo
1076 2638 1187 2688 nostro

260 2759 323 2805 non
351 2742 475 2814 minus,
509 2754 600 2816 quam
628 2739 786 2817 τὸνλόγον
814 2755 848 2801 ac
869 2741 903 2806 cl
924 2741 1131 2820 ἐπιθυμητικὸν
1157 2752 1189 2802 et

257 2874 450 2940 ,cognoscere
472 2853 574 2935 ipsum
601 2868 632 2917 et
654 2852 693 2917 ab
716 2854 764 2917 liis
785 2853 959 2920 discernere
978 2854 1188 2922 debuerimus.

263 2977 360 3040 Mino
393 2989 529 3051 cretera3
584 2970 660 3048 scd,
694 2971 780 3050 quod
806 2971 963 3052 diximus,
993 2973 1189 3055 conjunctam

263 3093 346 3174 apud
372 3090 630 3154 Platonemcum
661 3089 768 3153 morali
793 3088 934 3154 doctrina
959 3089 1116 3173 politicam
1142 3110 1192 3157 es·

196 3223 204 3232 ·
264 3229 319 3287 se,
343 3208 374 3271 ld
396 3224 433 3270 ex
458 3203 541 3267 omni
568 3205 624 3269 hac
648 3221 757 3270 nostra
786 3207 946 3286 superiore
969 3207 1193 3290 disceptatione

264 3322 348 3386 haud
382 3317 472 3384 facile
503 3319 641 3384 duxeris.
708 3320 788 3384 Sunt
813 3319 931 3385 scilicet
955 3321 1077 3401 poetica
1107 3321 1193 3403 fere,

267 3459 344 3520 quae
373 3440 521 3502 hactenus
548 3436 726 3514 attulimus,
759 3437 791 3500 in
823 3436 938 3518 quibus
968 3453 1090 3504 exstant
1115 3438 1196 3504 forte

268 3577 397 3634 eorum,
432 3572 510 3636 quae
529 3553 775 3635 investigamus,
808 3553 982 3634 principia,
1004 3556 1059 3619 sed
1081 3556 1197 3630 latent,

269 3689 372 3751 certe,
391 3687 426 3735 ut
452 3685 617 3752 appareant
634 3667 785 3747 dilucide,
807 3667 930 3734 aliunde
951 3669 1073 3734 videtur
1094 3670 1199 3733 lumen

270 3787 476 3856 adhibendum
499 3803 579 3851 esse.
646 3784 878 3869 Quamobrem,
899 3804 974 3868 age,
996 3783 1083 3846 aliam
1113 3782 1203 3846 iusti·

1139 3913 1206 3967 tua·

314 4054 353 4125 n)
374 4051 411 4105 v.
430 4049 492 4103 rm.
507 4048 548 4102 tl.
567 4047 596 4103 r.
610 4047 664 4102 ιιι.
683 4064 710 4116 p.
725 4063 784 4102 ιιι.
