2896 5168
618 512 810 574 ...150-

250 676 335 740 Plato
364 677 431 739 illas
462 671 609 739 Graeciae
642 673 784 739 civitates
818 671 964 754 videtur,
995 674 1029 738 in
1063 675 1180 755 quibus

250 810 306 872 per
334 811 411 875 opes
441 790 570 857 maxime
597 792 655 857 iter
686 791 725 857 ad
760 792 895 855 honores
928 791 1074 874 patebat,
1113 807 1179 858 tum

251 909 400 993 proprIe,
433 922 468 973 ut
497 907 574 973 mihi
603 909 726 989 quidem
759 908 900 988 videtur,
931 907 1112 974 Phoenicias
1137 912 1184 977 ci·

214 1106 221 1119 .
253 1025 386 1105 vitares,
410 1026 505 1104 inque
522 1026 570 1088 his
590 1026 718 1089 maxime
739 1024 981 1106 Carthaginem,
998 1024 1053 1089 ubi
1072 1026 1186 1092 diserte

255 1139 361 1223 prodit
392 1139 601 1220 AristoteleS,
634 1143 831 1219 πλουτινδὴν,
866 1156 932 1205 non
959 1145 1108 1226 aiprrtrdirr
1136 1162 1185 1210 ros

199 1287 201 1291 <
254 1256 481 1321 administratas
510 1275 591 1323 esse.
646 1256 832 1322 Diuitiarum
869 1271 954 1322 certe
983 1257 1185 1342 cupiditatem

257 1374 346 1439 Plato
368 1373 577 1440 Phoenicibus
597 1372 707 1439 tribuit
728 1374 952 1456 potissimum,
982 1388 1019 1440 ut
1044 1393 1064 1442 e
1090 1379 1184 1458 loco,

258 1510 350 1573 quem
380 1492 441 1574 jam
472 1491 684 1573 adduximus,
713 1505 810 1573 patet.
865 1497 910 1561 Τὸ
937 1496 1186 1578 denominatur.

258 1608 273 1677 ὃ
294 1613 359 1692 περὶ
383 1614 450 1685 τοὺς
471 1638 507 1678 τε
524 1613 658 1685 Φοίνικας
679 1607 753 1678 εἶναι
771 1613 821 1678 καὶ
838 1614 907 1686 τοὺς
923 1613 1007 1679 κατὰ
1018 1612 1189 1691 ”mmor

258 1729 335 1810 pain
352 1753 398 1802 τις
410 1729 448 1795 ἂν
461 1733 521 1810 οὐχ
535 1728 637 1806 hassa.
650 1724 691 1793 (¹)
736 1726 798 1792 Sed
818 1725 1014 1809 oligarchiam
1034 1725 1081 1791 sic
1097 1724 1191 1791 nobis

259 1846 346 1909 Plato
378 1843 572 1925 (descripsit,
609 1861 674 1924 quo
706 1843 836 1906 interius
866 1841 1070 1925 oligarchici,
1098 1858 1190 1922 quem

261 1979 376 2040 vocat,
403 1962 462 2025 viri
492 1961 569 2026 vitia
600 1961 786 2041 exploraret.
837 1961 914 2024 lhuc
942 1959 1037 2041 igitur
1063 1977 1193 2041 progre-

264 2078 378 2142 dimus.

306 2196 355 2258 De
379 2194 439 2256 hoc
463 2193 533 2256 item
562 2193 751 2269 videndum,
780 2195 822 2256 ait
853 2195 1017 2273 Socrates,
1048 2192 1198 2275 quemad·

266 2314 392 2376 modum
413 2309 466 2373 {iat
491 2325 520 2374 et
542 2312 642 2391 qualis
664 2310 720 2376 sit.
764 2311 815 2374 Sic
847 2311 1002 2392 igiturex
1029 2311 1195 2377 ambitioso

264 2429 319 2492 illo
343 2427 407 2492 fieri
444 2429 548 2504 solet,
576 2426 630 2489 ubi
657 2425 756 2508 patris
786 2425 962 2491 istiusmodi
992 2426 1099 2510 filius,
1131 2427 1196 2510 pri·

268 2565 352 2609 mum
375 2544 510 2607 imitatus
532 2562 626 2622 eum,
651 2540 762 2606 deinde
781 2543 866 2608 videt
885 2563 922 2608 ex
940 2544 1075 2610 culmine
1096 2545 1198 2626 digni·

270 2664 340 2726 tatis
364 2662 566 2743 prolapsum,
589 2661 619 2750 in
639 2660 789 2744 judicium
815 2661 854 2723 ab
884 2660 1117 2728 insidiatoribus
1144 2665 1200 2729 de·

271 2782 421 2856 claretum,
462 2797 478 2842 a
510 2776 786 2843 calumniatoribus
825 2776 1093 2862 circumventum,
1131 2795 1197 2847 tum

272 2915 371 2962 morte
388 2897 626 2961 condemnatum
644 2897 692 2958 vel
714 2895 745 2958 in
771 2895 913 2960 exsilium
939 2896 1090 2979 ejectum,
1115 2895 1200 2963 fama

273 3015 400 3079 ‹arrrnino
434 3029 464 3078 et
492 3012 584 3076 bonis
622 3012 802 3091 spoliatum.
861 3014 944 3077 Haec
977 3014 1072 3095 igitur
1101 3013 1199 3079 intui-

272 3149 324 3198 tus
353 3131 403 3194 ihe
431 3151 465 3194 ac
497 3149 685 3212 perpessos,
717 3132 831 3193 amisso
860 3131 1070 3212 patrimonio,
1103 3151 1201 3214 prop·
1249 3206 1253 3213 ¹

274 3264 320 3313 ter
339 3246 533 3311 formidinem
554 3244 744 3326 confestim,
771 3248 886 3324 credo,
908 3251 957 3315 ἐπὶ
978 3253 1116 3332 aspasio
1136 3252 1205 3319 oter

274 3372 308 3434 ἐκ
327 3371 380 3434 τοῦ
403 3365 494 3446 θρὲνου
520 3371 571 3431 τοῦ
596 3366 625 3430 s’a
653 3375 690 3446 τῇ
719 3368 824 3431 {auaui
853 3374 942 3448 ψυχῇ
968 3369 1145 3448 &choraulae
1165 3394 1202 3437 rs

277 3487 326 3552 aa>
348 3487 382 3551 cd
404 3485 547 3563 θυμοειδὲς
568 3485 668 3548 ἐκεῖνο·
699 3501 737 3543 cx
763 3482 863 3542 aniani
887 3484 937 3544 sui
955 3484 1066 3547 throno
1086 3501 1117 3547 er
1138 3502 1207 3547 am·

275 3604 416 3665 ditionem
438 3597 526 3660 illam
551 3610 580 3659 et
602 3600 671 3658 irat
693 3597 838 3680 impetum
861 3596 987 3677 desitis,
1013 3614 1079 3662 tunt
1102 3600 1208 3665 humi·

277 3719 337 3781 lior
359 3729 489 3797 propter
511 3728 719 3792 paupertatem
742 3711 869 3793 factus,
893 3734 961 3778 sese
983 3716 1021 3778 ad
1044 3732 1209 3796 quaestum

278 3832 433 3899 convertit
457 3844 487 3892 ct
510 3844 643 3908 angusto
666 3830 830 3893 admodum
854 3833 957 3895 animo
976 3851 1066 3913 parce
1076 3832 1210 3913 vivens,

1164 3969 1215 4014 se·

316 4121 355 4191 (a)
376 4122 418 4169 Dc
440 4120 507 4182 Repo
526 4110 577 4164 lV.
596 4112 653 4166 455.
673 4111 707 4165 E·
