2896 5168
779 475 952 555 ..48-

401 655 551 742 justitiam
577 667 822 738 anteponamus:
850 654 1122 739 quandoquidem,
1150 658 1178 724 si
1206 657 1332 746 injusti·

402 775 473 840 riam
498 771 559 840 sub
583 772 753 838 adulterina
772 771 877 856 specie
894 774 1174 859 occultaverinus,
1194 792 1227 843 et
1245 783 1331 864 apud

401 891 488 956 Deos
519 903 551 954 et
581 888 663 971 apud
693 886 835 954 homines
867 889 971 955 omnia
1003 891 1098 960 nobis
1129 911 1148 959 e
1176 896 1330 964 sententia

399 1007 587 1087 succedent,
612 1021 644 1072 et
660 1003 841 1071 viventibus
867 1010 899 1071 et¹
925 1003 1104 1098 defunctisr
1130 1014 1337 1093 quemdum·-

399 1125 472 1190 dum
508 1124 679 1189 multorum
716 1122 1000 1206 excellentiumque
1026 1124 1166 1195 virorum
1198 1142 1330 1199 testatur

401 1241 528 1307 oratio?
571 1240 622 1307 Ex
641 1239 790 1306 omnibus
809 1241 870 1326 jam
889 1239 1004 1323 dictis,
1028 1245 1235 1329 usqemun,
1256 1249 1337 1332 quia·
1432 1322 1437 1331 ¹

399 1356 587 1438 crediderit,
609 1375 679 1423 eum
696 1355 852 1423 hominem
866 1357 1020 1441 iustitiam
1037 1361 1118 1427 velle
1134 1362 1259 1444 colere,
1275 1365 1330 1433 cui
1368 1396 1372 1402 ·

402 1478 445 1546 sit
464 1473 656 1562 aliquavis,
675 1475 744 1541 sive
759 1471 925 1557 fortunae,
943 1475 1012 1542 sive
1030 1494 1147 1561 opum,
1170 1478 1239 1545 sive
1258 1496 1331 1546 cor·

403 1595 516 1682 puris,
544 1592 613 1660 sive
632 1590 783 1675 generis,
813 1609 848 1658 ac
876 1610 942 1658 non
967 1592 1076 1676 potius
1105 1592 1329 1679 subrisuruur,

402 1712 431 1779 si
446 1709 562 1778 laudari
579 1729 646 1777 earn
665 1707 845 1775 audiverit?
877 1708 976 1779 Nuila
1002 1724 1106 1778 autern
1133 1710 1191 1779 alia
1217 1712 1330 1779 hortuna

403 1829 541 1897 omniurn
561 1844 671 1894 caussa
689 1838 759 1906 est,
781 1825 844 1892 nisi
865 1845 925 1908 ea,
949 1829 1032 1894 unde
1052 1829 1128 1896 nnec
1145 1843 1214 1898 tora
1231 1826 1334 1898 oratio

402 1944 480 2014 mihi
496 1961 528 2011 er
545 1943 645 2023 huic,
669 1959 690 2006 ο
708 1941 875 2025 Socrates,
891 1944 1041 2010 adversus
1061 1959 1095 2011 te
1110 1943 1251 2026 profecta
1261 1960 1329 2014 ests

401 2062 553 2148 'quonian
580 2078 620 2125 ex
642 2058 767 2140 vobis,
794 2076 816 2125 ο
845 2056 993 2140 mirifice,
1014 2058 1197 2142 quicunque
1224 2061 1333 2130 nudes

403 2176 547 2269 justitiae
568 2174 778 2261 profitemini,
806 2194 825 2242 a
850 2172 965 2259 priscis
989 2173 1052 2239 illis
1071 2175 1230 2242 'nauibus
1257 2175 1336 2242 inci·

407 2294 552 2381 pientes,
574 2291 614 2358 dc
634 2289 751 2373 quibus
770 2289 992 2372 aliquuexstat
1011 2289 1157 2357 memoria
1177 2293 1335 2376 usquead

406 2425 535 2480 nostros
564 2409 734 2490 homines,
770 2408 877 2472 nullus
911 2422 1047 2489 unquam
1081 2407 1172 2475 aliter
1198 2409 1335 2477 laudavit

405 2529 556 2617 justitiam
578 2525 630 2594 vei
649 2521 832 2610 injustitiam
857 2521 1071 2608 vituperavit,
1097 2530 1190 2608 quarn
1208 2527 1248 2593 ad
1266 2528 1336 2612 glo·

408 2647 483 2714 riarn
512 2659 702 2724 muneraque
733 2640 785 2706 vel
812 2658 929 2723 poenus
957 2639 1149 2725 respiciens,
1189 2660 1270 2726 quac
1293 2642 1334 2711 ab
1358 2688 1361 2692 ι

410 2766 474 2833 iliis
499 2758 758 2850 proficiscuntur.
821 2756 929 2843 ipsun
953 2776 1031 2826 vero
1061 2774 1230 2843 utrumque
1258 2759 1337 2844 quid

409 2902 467 2970 per
490 2896 526 2949 se
549 2894 608 2946 sua
629 2888 746 2959 sponte
773 2889 844 2959 agat
862 2874 904 2940 -iu
933 2873 1076 2943 iubentis
1105 2877 1209 2943 unimo
1238 2879 1337 2946 latens

399 3002 499 3069 ‘neos
517 3012 550 3063 ct
569 2992 735 3076 homines,
761 2993 868 3059 nunus
883 3008 1034 3077 ‘unquam
1066 2994 1118 3059 vel
1142 2993 1175 3060 in
1193 2996 1339 3079 poemate

410 3119 462 3182 vel
483 3114 516 3179 ira
535 3111 597 3180 aiio
616 3127 761 3176 sermone
778 3109 954 3191 enarravit,
983 3126 1055 3176 esse
1080 3109 1199 3178 scilicet
1216 3111 1342 3199 injusti·

296 3270 299 3277 ·
412 3234 486 3299 tiaur
507 3226 673 3295 marimum
689 3216 865 3308 malcrum,
893 3232 973 3306 quae
997 3226 1031 3291 in
1053 3244 1124 3294 sese
1142 3226 1253 3309 habeat
1274 3227 1342 3294 ani·

413 3366 505 3426 mus,
523 3341 676 3427 justitiam
694 3357 771 3407 vero
792 3341 958 3407 maximum
976 3340 1110 3411 bonum.
1144 3341 1179 3410 Si
1195 3345 1278 3412 enim
1291 3345 1340 3412 sic

410 3466 452 3534 ab
473 3458 621 3528 omnibus
640 3451 737 3522 vohis
754 3444 868 3521 fuisset
890 3474 909 3521 a
935 3453 1090 3538 principio
1118 3456 1256 3543 dictum,
1283 3475 1343 3526 nn·

393 3580 529 3662 -bisque
556 3573 596 3642 ab
622 3572 691 3658 ipsa
716 3570 848 3656 pueritia
873 3589 1076 3654 persuasum,
1104 3572 1170 3640 nnn
1188 3592 1263 3641 sanc
1279 3591 1341 3642 nos

410 3695 545 3765 inviceur
589 3687 825 3775 prohiberemus
854 3687 894 3754 ab'
929 3688 1040 3774 injuria
1075 3667 1254 3774 inferenda
1285 3693 1343 3759 scd
1424 3680 1431 3690 ’

412 3808 636 3894 unusquisque
663 3804 715 3874 sui
741 3800 815 3888 ipse
849 3819 958 3872 custos
990 3820 1092 3888 esset,
1128 3806 1265 3891 timeus,
1299 3826 1343 3875 ne

411 3929 531 4016 iniuste
559 3940 656 4009 agens
687 3921 821 3988 maximo
852 3924 934 3990 malo
963 3924 1130 3991 laboraret.
1184 3923 1292 4007 Haec,
1319 3944 1342 3991 o

412 4046 580 4123 Socratas,
603 4055 637 4109 et
657 4042 747 4126 plura
767 4037 850 4107 forre
871 4038 1128 4124 Thrasymachus
1150 4055 1205 4110 aut
1228 4042 1343 4127 aliquis

1290 4161 1346 4227 alr·
1444 4222 1447 4226 .
