2896 5168
561 1185 627 1233 D!

401 1408 593 1472 uursuo
634 1385 785 1494 νοητῷ
1047 1432 1052 1463 ;

537 1637 645 1685 slvn

124 1840 179 1889 nr
212 1841 349 1904 vaur,
377 1829 508 1896 αὑτοῦ
541 1833 612 1897 τοῦ
639 1825 770 1906 ὄντος.
809 1845 1048 1900 torturus.

601 2095 756 2170 ἡγουμένης
774 2091 810 2162 tt
827 2092 979 2164 ὀλιθιίις.
998 2091 1052 2155 sita

565 2199 601 2260 ἄν
620 2220 711 2270 ποτε,
732 2195 831 2273 alum,
849 2197 959 2274 Φιῒμιν
974 2199 1051 2275 aivi

565 2307 650 2377 κόρον
667 2313 762 2367 aazia
779 2307 977 2387 hemum
998 2301 1074 2365 -J

565 2413 631 2476 nne
648 2411 725 2482 γίρι
742 2434 791 2451 ·-

160 2658 381 2789 Philosophia
408 2716 446 2770 ut
472 2698 534 2768 sibi
564 2714 715 2784 constet,
738 2698 926 2784 fructusque
944 2681 1053 2787 proie-

118 2835 166 2888 rat
190 2822 289 2906 ipsius
317 2819 458 2888 ubertate
481 2832 514 2886 et
540 2817 746 2903 amplitudine
774 2818 912 2905 dignos,
952 2817 1048 2889 finem

118 2936 230 3005 habeut
257 2955 329 3003 cum
347 2950 466 3003 certum
491 2953 621 3003 necesse
654 2949 723 3017 est,
752 2949 819 3002 tum
848 2932 1049 3005 facultatibus

119 3064 247 3118 naturae
272 3051 423 3117 humanae
448 3049 625 3132 studiisque
651 3065 906 3117 consentaneum.
949 3050 1049 3136 Quod

116 3168 192 3237 licet
218 3186 311 3235 nemo
342 3186 478 3251 unquam
501 3164 677 3234 mortalium
703 3164 886 3232 indubium
914 3146 1049 3233 vocave-

114 3286 179 3369 rit,
203 3285 333 3355 fuerunt
352 3282 458 3352 'tamen
475 3281 561 3350 omni
577 3300 655 3349 aevo
671 3280 881 3366 philosophi,
904 3281 958 3365 qui
979 3283 1048 3364 vel,

116 3404 194 3487 quid
213 3404 276 3488 ipsi
303 3401 558 3489 philosophando
587 3412 785 3483 spectarent,
806 3417 873 3465 non
899 3398 976 3466 satis
1002 3398 1052 3466 vi·

116 3519 264 3585 derentur
289 3535 473 3603 reputasse,
494 3519 547 3585 vel
570 3517 622 3582 illa
643 3530 844 3599 spectarent,
867 3535 948 3600 quae
966 3535 1052 3583 men·

113 3635 156 3702 ris
190 3635 341 3700 humanae
376 3633 539 3701 facultates
571 3647 765 3718 superarent.
824 3632 1048 3719 Philosophari

113 3750 253 3839 scilicet,
274 3751 379 3835 ipsum
399 3769 456 3836 per
484 3769 542 3834 se,
576 3751 668 3818 dulce
692 3764 742 3853 est
767 3751 972 3835 philosophis
997 3761 1055 3819 ne·
1168 3831 1170 3837 Ι

115 3868 260 3958 gotium,
300 3880 480 3950 tantamque
510 3867 682 3936 multorum
714 3866 826 3934 animis
871 3848 1057 3969 oblectatio·

111 3978 184 4054 ntur¹
212 3985 474 4071 voluptatemque
500 3980 622 4067 effert',
640 3998 682 4053 ut·
698 3983 778 4053 nihil
795 3985 952 4069 requirant
970 3980 1059 4070 prse-

559 4101 593 4168 A
996 4114 1057 4166 tor.
