2896 5168
668 507 777 585 *⁸7
797 538 844 554 -

536 799 594 864 Da
629 799 955 889 disciplinarum

354 919 414 980 in
445 919 656 995 ciuitate,
697 931 742 1005 ur
773 933 889 983 racto
919 935 1126 1004 regatur,
1191 936 1195 957 ⁴

525 1035 565 1100 ai
594 1046 633 1098 ar
662 1033 956 1118 efficacitate.

310 1262 408 1348 Quod
434 1265 528 1331 modo
555 1264 712 1347 diximus,
731 1264 967 1349 philosophiam
998 1269 1065 1333 veri
1095 1290 1113 1337 a
1140 1272 1208 1340 Pla·

271 1391 347 1446 torre
378 1380 545 1447 adhibitam
576 1401 668 1463 esse,
710 1400 791 1448 non.
815 1382 855 1448 ad
884 1383 996 1452 inanes.
1020 1385 1052 1451 in
1086 1389 1206 1457 scholis

267 1497 520 1578 quaestiunculas
549 1500 748 1580 enodandas,
789 1500 846 1565 sed
875 1498 950 1564 illuc
982 1502 1206 1588 potissimum,

266 1627 303 1679 ut
334 1627 418 1679 recte
448 1627 629 1697 regerentur
657 1615 823 1694 civitates,
867 1616 899 1680 id
922 1635 960 1687 ax
991 1620 1095 1709 malem
1130 1622 1205 1702 illo,

266 1747 358 1811 quam
382 1730 586 1808 adduximus,
616 1729 757 1794 Socratis
778 1729 810 1794 in
842 1731 963 1798 Politla
994 1730 1205 1816 disputatione

264 1843 384 1909 efficere
412 1845 499 1910 licet.
563 1845 609 1912 Et
635 1862 733 1925 vero,
768 1864 848 1927 quae
874 1846 1000 1912 disserit
1027 1849 1090 1914 illic
1118 1853 1205 1919 dein·

261 1979 336 2042 ceps
365 1961 403 2026 de
434 1961 653 2044 philosophiae
684 1961 901 2027 instrumentis
932 1965 971 2029 ad
1001 1966 1200 2035 erudiendum

260 2077 440 2159 hominem,
462 2077 486 2145 i.
497 2096 526 2143 e.
549 2079 587 2143 de
607 2077 783 2160 disciplinis
804 2079 1019 2162 gravioribus,
1046 2083 1084 2147 de
1105 2085 1202 2151 arith·

260 2195 395 2275 metica,
425 2195 593 2277 geometril
606 2240 618 2275 ,
633 2248 634 2253 ,
647 2195 859 2277 astronomia,
889 2194 1072 2277 harmonia,
1103 2200 1200 2282 inpri-

259 2311 384 2394 misque
403 2313 443 2376 de
466 2311 646 2391 dialectica,
681 2331 824 2395 quaeque
848 2330 909 2378 nos
942 2331 1037 2396 supra
1067 2312 1100 2378 iu
1132 2316 1199 2381 veri

258 2429 405 2495 tradenda
426 2428 630 2510 philosophia
657 2430 884 2510 explicuimus,
917 2429 990 2493 haec
1025 2428 1128 2496 omnia
1158 2432 1197 2497 ad

256 2542 383 2611 futuros
400 2545 481 2611 lilios
499 2545 643 2610 civitatis
672 2547 898 2627 gubernatores
929 2545 1115 2611 erudiendos
1148 2546 1196 2612 in·

249 2656 506 2747 iormandosque,
520 2660 657 2728 confert.
712 2663 780 2727 Nec
803 2679 878 2726 sane
894 2660 1020 2726 mirum.
1087 2663 1194 2729 Inesse

254 2781 374 2846 scilicet
400 2777 574 2862 disciplinis
604 2779 683 2842 hanc
710 2777 774 2842 vim
804 2775 998 2841 existimabat
1026 2778 1135 2855 Plato,
1158 2779 1194 2844 ut

255 2914 346 2976 quae·
361 2897 507 2961 deorsum
537 2895 621 2975 apud
647 2900 940 2974 eos.'spectarent,
961 2892 1037 2956 haec
1066 2896 1191 2959 sursum

254 3011 430 3075 attollerent
450 3024 544 3092 atque
572 3011 611 3072 ad
640 3007 723 3089 ipsas
753 3008 928 3087 ideas,.ad
954 3009 1096 3090 pulcrum
1106 3032 1124 3090 ,·
1153 3012 1192 3078 ad

258 3126 375 3192 bonum
390 3126 604 3210 ‚adjustum
629 3124 832 3206 divinumque
854 3140 1092 3206 converterent,
1116 3145 1191 3210 quo

255 3242 354 3326 magis
380 3256 411 3307 ct
437 3242 498 3326 ipsi
527 3260 603 3309 vere
623 3241 796 3326 judicarent
827 3243 866 3307 de
894 3243 989 3309 rebus
1018 3244 1189 3325 omnihus,

255 3373 288 3427 et
317 3359 351 3424 in
372 3359 523 3424 :aliorum
548 3360 746 3425 commodum
780 3359 976 3441 salutemque
1007 3362 1188 3443 sapientiam

252 3496 341 3553 suam
367 3475 560 3542 conferrent.
602 3477 677 3551 lloc
706 3477 783 3542 adeo
816 3474 1050 3557 proposito'de
1070 3477 1187 3542 mundo

251 3600 350 3684 aona&
362 3594 608 3676 tamdiliganter
620 3593 698 3678 egit.
723 3591 996 3675 ·Meta'physicam
1016 3610 1081 3657 non
1097 3610 1189 3674 speo-

252 3711 783 3797 tabat,siveci1aacpmira·illam,
808 3727 900 3790 otram
922 3708 1110 3774 Aristoteles
1131 3727 1188 3772 vo·

249 3832 362 3915 rabat,
381 3831 577 3917 φιλοσοφίαν.
620 3826 707 3893 Haec
720 3827 774 3892 {de
801 3826 870 3908 ipsa
899 3824 1036 3890 auctoris
1062 3841 1186 3891 senten·

250 3949 318 4029 till,
338 3965 402 4012 non
427 3944 571 4026 negotiis·
590 3941 838 4009 administrandis
864 3942 1007 4007 humanis
1037 3939 1186 4006 inservie-

252 4065 327 4147 bat,
350 4063 405 4130 sed
427 4077 492 4128 tota
514 4079 614 4132 rerum
643 4057 764 4127 caussis
786 4057 1012 4141 exquirendis,
1029 4047 1186 4140 explican-

1124 4173 1186 4240 dis·
