2896 5168
510 491 706 556 uili·

99 681 103 689 ·
151 655 241 734 dam,
260 651 363 719 Stoici
390 652 583 721 contrarium
601 652 782 738 ponebant,
803 654 888 735 quod
911 654 986 721 item
1004 642 1084 723 eon·

149 772 266 841 tinebit
303 771 504 856 philosophia
542 770 706 852 Platonis,
736 789 807 841 esse
835 771 959 838 homini
983 774 1084 840 sciea-

148 887 222 957 tiam
248 905 279 969 et
300 889 461 967 veritatem
491 888 705 960 vindicandam
730 889 873 969 navitera
896 890 1000 956 neutri
1023 908 1079 956 ne-
1136 900 1139 905 ’

148 1024 184 1071 ro
206 1004 402 1075 idearan
432 1003 637 1084 doctrinam,
672 1022 752 1086 quae
789 1005 934 1089 princeps
969 1019 1017 1071 est
1046 1005 1081 1072 in

148 1121 352 1205 philosophii
381 1120 543 1200 Platonis,
585 1120 853 1203 assequebantur,
885 1121 1081 1205 disquisitio·

148 1237 243 1305 uibus
265 1253 352 1313 certe
387 1239 426 1307 de
457 1237 606 1320 opinione
634 1250 669 1303 et
698 1238 829 1305 suenni
858 1257 924 1304 nou
952 1239 1079 1304 adhibe·

149 1352 224 1418 bant
247 1354 344 1419 satisr
377 1353 464 1432 quod
491 1353 567 1421 item
594 1353 628 1419 iu
659 1353 851 1436 optimorum
877 1371 1080 1438 quorumque

148 1469 305 1551 sequioris
330 1467 400 1538 aevi
428 1461 760 1551 amarulentum
790 1469 893 1552 ipsius
920 1472 997 1538 adeo
1017 1472 1083 1539 ei.

148 1588 272 1661 catonis
290 1586 414 1668 placitis
435 1584 667 1652 desiderantur
692 1605 878 1668 quamquam
906 1587 957 1652 hie
981 1586 1081 1653 insito

11 1686 13 1691 ⁸
149 1700 289 1769 Platonis
318 1719 424 1768 amore
446 1701 578 1785 propius
606 1701 645 1768 ad
672 1719 743 1768 euur
770 1704 916 1768 accessit.
963 1704 1082 1770 idve·

151 1836 188 1885 ro
221 1833 337 1883 narrar
364 1817 541 1885 Academici
567 1817 746 1898 fecerunt,
771 1818 909 1901 germani
940 1818 987 1884 illi
1013 1821 1080 1886 Pia·

46 2004 54 2019 ‚
151 1935 236 2003 tonis
274 1935 438 2018 discipuli,
479 1937 618 2016 itemque
652 1935 875 2016 Peripatetici:
918 1948 950 2000 et
986 1935 1083 2002 nobis

152 2053 302 2135 quidem,
335 2069 371 2117 ut
394 2053 554 2135 propriam
584 2051 792 2135 percipiamus
824 2052 1010 2136 philosophi
1038 2052 1084 2119 <le

152 2170 214 2237 hoc
236 2187 420 2254 argarmento
449 2184 482 2234 et
498 2169 753 2252 'philosophandi
783 2169 935 2234 rationem
957 2179 989 2233 et
1010 2182 1084 2233 sen·

154 2287 306 2367 tentiam,
340 2287 451 2353 horum
486 2286 519 2351 in
552 2285 663 2368 primis
695 2284 798 2365 ratio,
831 2299 868 2349 nt
904 2301 922 2348 a
953 2283 1085 2349 cinero-
1203 2310 1206 2315 ·

154 2422 195 2473 ne
227 2405 337 2470 tradita
364 2418 439 2482 est,
470 2401 655 2469 attendenda
687 2400 826 2467 videtur.
878 2397 1015 2468 Platonis
1047 2397 1086 2465 n-

152 2522 175 2587 ii
207 2523 385 2601 racionem,
424 2520 490 2600 ait,
523 2517 734 2602 sequebantur
759 2516 840 2584 iere.
882 2514 1086 2600 Definitionis

43 2653 45 2657 ·
154 2659 262 2707 rerarn
288 2637 463 2723 probabant
493 2653 524 2703 at
542 2639 598 2703 iras
612 2636 662 2703 ad
688 2639 815 2718 onnia,
835 2633 1002 2721 dequibus
1021 2632 1085 2700 atr·

151 2755 361 2844 reptabatur,
391 2754 598 2820 adhibebant:
627 2754 791 2822 aeriorum
822 2755 919 2818 arian
948 2749 1089 2838 eapliart·

152 2876 198 2940 tio
226 2873 449 2961 probabatur,
480 2871 517 2936 id
544 2886 611 2953 est,
643 2892 708 2958 qna
738 2869 776 2936 dr
806 2868 922 2939 aaassd
948 2887 1087 2954 quaeqae
1140 2875 1143 2879 ’

152 3003 250 3055 assent
279 2990 329 3051 ita
359 2988 539 3050 nominata:
578 3006 672 3068 quarn
707 2985 919 3067 etymologiam
949 2982 1088 3070 appella·

154 3103 253 3169 lanta
272 3114 340 3187 post
360 3102 575 3182 argumentis,
597 3113 627 3162 et
651 3102 742 3184 qrrari
764 3116 871 3162 rerunt
901 3099 980 3162 notit
998 3095 1095 3160 dael·

154 3217 213 3285 bart
235 3215 411 3283 ‚utebantur
435 3213 687 3300 adprobandum
717 3229 747 3280 at
776 3212 823 3279 ad
844 3209 1086 3311 concludenda?

153 3333 216 3416 ld,
248 3330 332 3421 qaod
351 3334 520 3421 explanari
545 3331 708 3398 volebant:
739 3336 774 3398 in
809 3353 868 3416 qao
898 3325 1090 3395 tradebatur·

151 3453 255 3519 annis.
278 3450 460 3517 dialecticae
489 3448 679 3535 disciplina,
698 3444 738 3512 id
760 3463 829 3526 ert,
859 3445 1010 3512 arationis
1032 3462 1089 3512 ra·
1150 3498 1153 3503 .

156 3574 241 3639 rinno
264 3566 445 3633 nominatae:
471 3566 570 3646 lruie,
600 3567 692 3650 qnasi
719 3565 889 3630 anniterer
914 3577 1012 3653 parte
1043 3560 1091 3628 (¹)

1017 3694 1091 3746 ora·

193 3857 240 3928 (²)
255 3854 459 3921 lnffii'm'
487 3851 570 3904 ΕΜ
597 3866 718 3922 arm,
747 3845 781 3904 ln
803 3844 1015 3919 waramanni
1039 3838 1088 3905 nil

162 3954 339 4012 ffllwlm
351 3951 485 4022 coelifluo
497 3952 599 4006 cicaro
624 3949 735 4003 ridetur
747 3984 756 4011 ,
774 3947 823 4017 qui
842 3944 999 4000 annaeum
1018 3941 1086 3998 rho·

160 4056 273 4112 tuem
285 4046 458 4122 {animilia
470 4048 552 4113 ¹rlixai·
567 4044 650 4098 aaut
666 4043 707 4097 L.
722 4044 749 4098 1.
765 4060 790 4096 a.
806 4058 830 4094 a.

360 4178 367 4187 ·
574 4135 612 4202 M
636 4157 655 4202 a
