2896 5168
730 416 937 496 -7⁶-·

356 591 556 676 sophisticae
582 606 716 679 parens,
738 607 775 658 ut
798 592 825 657 is
841 593 1089 678 -metapltysicae
1111 595 1215 663 dictus
1233 598 1289 664 ha·

353 706 505 792 bitusque
518 724 579 775 est.
602 709 775 790 Antiquam
799 709 849 775 hic
871 724 966 775 artem
988 711 1190 794 sophisticam
1203 716 1289 781 dirre-

355 840 421 909 rat,
442 845 501 893 nec
523 828 626 891 solum
652 845 670 890 a
692 822 920 910 philosophis,
960 829 1016 894 sed
1043 848 1062 894 a
1084 830 1214 911 potus,
1242 832 1286 896 ab

355 943 523 1023 Homero,
563 942 602 1006 ab
629 941 798 1025 Hesiodo,
832 945 1058 1026 aSimonide,
1091 948 1286 1030 quinetiam
1367 1012 1370 1019 .

263 1102 266 1114 ·
354 1062 395 1126 ab
423 1059 555 1140 Orpheo
586 1073 619 1125 et
647 1060 1019 1146 Musaeo‚-pariterpue
1047 1085 1064 1129 a
1094 1066 1230 1154 musices
1256 1083 1288 1132 et

327 1175 566 1264 ,gymnastlces
592 1178 768 1263 magistris,
800 1170 981 1261 adornetis
1011 1183 1137 1248 humani
1167 1186 1287 1250 cultam

235 1367 239 1375 ,
350 1293 518 1361 adhibitam
546 1314 618 1362 esse
639 1295 698 1362 (ι).
743 1296 796 1362 Sic
814 1297 1027 1376 Aristoteles,
1049 1319 1114 1380 quo
1133 1302 1201 1380 ipse
1218 1317 1287 1365 ten·

273 1423 279 1435 “
351 1410 457 1477 debat
474 1416 590 1493 unice,
632 1414 740 1478 eodem
775 1431 882 1477 omnes
907 1427 979 1478 ante
1008 1413 1111 1496 ipsum
1146 1415 1291 1496 philoso-

351 1528 442 1613 phos
476 1529 702 1609 contendisse,
747 1532 897 1612 quodque
931 1531 1091 1597 invenerat
1130 1533 1200 1614 ipse
1238 1535 1289 1598 vel

354 1646 528 1714 invenisse
547 1646 608 1712 sibi
645 1647 834 1728 videbatur,
878 1647 910 1713 id
941 1665 1051 1714 omnes
1091 1637 1287 1729 quaesivisse

356 1763 444 1833 omni
472 1783 574 1847 aevo,
597 1765 796 1850 opinabatur.
846 1765 968 1831 Nocuit
999 1780 1100 1831 autem
1135 1765 1177 1830 ita
1203 1780 1291 1832 vete·

357 1903 428 1950 rum
471 1883 735 1968 philosophorum
774 1883 1021 1965 interpretationi
1063 1884 1290 1965 vehementer,

283 2066 286 2072 .
353 2015 422 2067 tum
455 2020 552 2081 vero,
574 2015 610 2066 ut
637 2019 729 2084 aegre
751 2001 923 2085 aposteris
952 1999 1083 2082 fereque
1103 2017 1290 2084 perversum
1395 2091 1400 2098 Ι

356 2119 391 2186 in
418 2119 544 2185 modum
569 2117 785 2202 acciperentur
805 2119 946 2184 Platonis
976 2119 1111 2200 placita,
1134 2118 1161 2184 is
1184 2118 1289 2185 effecit

258 2212 260 2216 Α
357 2235 499 2302 maxime.
543 2235 619 2320 Quo
650 2236 747 2320 magis
779 2236 825 2301 sic
850 2237 966 2317 nobis,
990 2251 1025 2302 nt
1044 2236 1201 2317 fecimus,
1222 2252 1292 2303 tota

356 2354 562 2439 proponenda
593 2356 661 2439 ejus
695 2355 906 2439 metaphysica
937 2355 1123 2435 videbatur,
1146 2370 1183 2420 ut
1210 2370 1294 2422 recte

357 2473 397 2539 ab
425 2474 478 2540 illa
505 2473 695 2538 Platonicum
728 2472 961 2555 philosophiam
991 2471 1268 2555 distingueremus.

401 2687 622 2769 Doctrinae
651 2703 889 2767 Platonicae
919 2717 955 2767 et
984 2703 1277 2770 Aristoteleoe.

717 2816 944 2886 discrt'men.
1014 2854 1021 2866 ·

398 3057 531 3146 Juvenis
562 3058 690 3125 omnino
718 3056 886 3139 Socrates,
910 3070 946 3121 ut
967 3057 1005 3122 de
1027 3074 1097 3123 sese
1122 3057 1294 3140 apud-Pla·

272 3197 274 3202 ’
359 3192 468 3246 tonem
503 3174 638 3256 fatetur,
683 3174 852 3241 admiratus
888 3171 1091 3257 Anaxagorae
1121 3166 1293 3244 doctrinam

360 3309 431 3376 est,
453 3310 598 3377 quaeque
616 3291 689 3357 inde
710 3293 747 3356 de
770 3308 870 3358 manre
895 3306 1078 3374 perceperat
1094 3306 1130 3357 et¹
1144 3306 1210 3358 tum
1230 3314 1295 3360 am·

360 3415 474 3495 plexus
499 3409 588 3475 avide
615 3422 666 3473 est
694 3422 731 3473 ct
758 3407 904 3490 probavit
936 3413 1071 3490 postea3
1113 3416 1293 3480 caussarum

346 3543 438 3591 ···vero
467 3525 549 3589 illam
573 3535 604 3590 et
626 3523 875 3605 disquisitionem
904 3543 935 3590 et
966 3527 1204 3609 explicationem
1228 3549 1294 3597 non

348 3643 520 3729 probavit.
565 3641 636 3708 Nec
663 3643 753 3707 aliter
780 3641 883 3707 visum
918 3644 1038 3711 Platorii
1071 3643 1193 3728 fuisse,
1225 3649 1295 3731 ipse

343 3761 394 3827 ‘in
419 3761 530 3828 eodem
555 3759 611 3828 illo
634 3759 773 3827 Socratis
792 3777 946 3827 sermone
973 3764 1173 3843 enarrando,
1194 3764 1294 3828 decla·

1248 3898 1295 3943 1¹2-

397 3995 439 4066 (a)
459 3989 591 4050 mauro
610 3990 794 4065 prolapsas,
812 3994 868 4045 D..
920 3998 926 4009 '
951 4031 953 4034 ψ
