2896 5168
637 414 831 492 ..1⁶7-

493 622 592 686 Vita
623 625 711 689 uiri
741 625 976 708 tyrannici.

312 788 362 855 Fit
389 790 502 873 igitur,
527 791 590 870 ait,
616 791 700 857 hunc
721 792 753 856 in
778 793 903 857 modum
927 789 996 854 talis
1024 792 1083 856 vir.
1127 790 1193 876 Qui

266 922 367 974 tutem
407 926 444 972 eo
479 924 709 990 pervenerunt,
741 908 855 989 festis,
885 905 1192 988 comessationibus,

263 1023 513 1107 congressibus,
538 1024 653 1091 scortis
677 1026 867 1108 caeterisque
888 1022 1067 1107 hujusmodi
1090 1025 1194 1090 omni-

264 1138 326 1205 bus
354 1137 537 1223 indulgent,
568 1142 606 1212 ὦν
639 1144 678 1212 ἂν
708 1145 803 1227 Ἔρος
837 1145 973 1227 τύροοννοο
1002 1144 1080 1212 ἔνδον
1109 1146 1191 1212 οἰκῶν

264 1260 460 1341 tumorosos
488 1261 530 1328 τοὶ
556 1266 611 1336 τῆς
638 1267 743 1344 ψυχῆς
763 1257 902 1330 ἅπαντα·
925 1277 1057 1344 quornm
1081 1273 1192 1341 tyran·

262 1394 321 1450 ουν
348 1374 468 1455 Amor,
496 1377 582 1440 intus
611 1376 710 1439 animi
735 1373 868 1441 incolens
885 1373 1087 1461 penetralia,
1108 1376 1192 1459 regit

260 1491 376 1555 omnia.
418 1487 529 1573 Itaque
559 1490 674 1554 multae
701 1490 767 1556 dies
794 1504 965 1571 noctesque
993 1490 1190 1556 vehementes

260 1604 471 1687 cupiditates,
509 1607 677 1670 multorum
713 1606 858 1689 indigae,
893 1604 1061 1689 pullulant.
1113 1607 1190 1673 Cito

261 1717 380 1801 igitur,
401 1720 428 1784 si
452 1719 509 1800 qui
527 1734 702 1802 proventus
724 1719 922 1803 exstiterint,
948 1737 1189 1788 consumuntur.

260 1836 336 1903 Post
360 1836 435 1901 haec
458 1836 567 1917 utique
590 1836 718 1904 foenora
745 1851 777 1903 et
804 1835 982 1920 patrimonii
1012 1837 1190 1918 dissipatio.

259 1950 326 2019 Ubi
346 1971 420 2016 vtro
451 1951 599 2020 deficiunt
625 1953 754 2037 omnia,
782 1971 908 2021 necesse
934 1969 982 2019 est
1003 1951 1189 2036 cupiditates

257 2065 420 2134 vociferari
438 2084 531 2151 atque
548 2071 722 2151 conqueri,
752 2089 831 2154 quae
859 2070 982 2153 quidem
1007 2067 1187 2152 frequentes

255 2185 460 2267 ardentesque
479 2185 630 2258 inanimo
649 2187 859 2269 delitescunt3
879 2193 986 2265 aistis
998 2189 1039 2259 (²)
1061 2189 1187 2275 δ’ὥςτερ

256 2305 313 2372 ὑπὸ
341 2304 464 2385 κέντρων
493 2305 725 2386 ἐλαυνομένους,
747 2313 804 2376 τῶν
824 2332 859 2374 τε
881 2306 984 2375 ἄλλον
1004 2309 1182 2388 eutropius,

254 2418 306 2486 mi
327 2419 521 2502 δνοφερόντννς
547 2423 597 2490 ὑπ’
617 2425 708 2488 αὑτοῦ
736 2427 787 2489 τοῦ
804 2423 956 2503 Ἔρυτος,
973 2422 1091 2496 noiomo
1110 2432 1180 2497 τοῖς

252 2533 394 2613 ἄλλοις,
421 2534 513 2619 ὥςπερ
544 2538 728 2619 δορυφόροις,
757 2539 943 2618 ἡγουμένου,
971 2540 1082 2622 οἱςρρῑν·
1104 2540 1182 2625 ipsos

253 2664 381 2726 antem,
413 2651 513 2716 ueluti
543 2652 678 2717 stimulis
714 2649 897 2736 quibusdam
928 2654 1085 2735 agitatos,
1114 2672 1184 2718 cum
1237 2698 1241 2703 ·

252 2773 385 2830 cacteris
413 2764 614 2845 libidinibns,
642 2780 710 2867 tum
741 2769 805 2852 ipso
832 2770 1020 2854 pracsertim
1046 2766 1184 2850 Amore,

252 2883 309 2964 qni
328 2880 458 2964 reliquis
486 2880 645 2960 omnibns,
676 2895 828 2966 tanquam
858 2878 949 2962 dur,
977 2895 1125 2968 praeest,
1148 2885 1183 2946 in
1290 2873 1294 2883 ’

243 2995 392 3080 furorem
412 2994 522 3081 adigi,
545 2993 709 3078 efferrique
733 2997 771 3062 ad
793 2996 1039 3078 explorandum,
1063 2998 1091 3062 si
1110 2997 1182 3080 quis

253 3109 422 3192 quidquam
434 3111 616 3195 possideat,
636 3112 722 3196 quod
745 3112 793 3177 vel
814 3112 924 3179 fraude
945 3112 1058 3197 surripi
1079 3116 1131 3179 vel
1151 3116 1183 3180 vi

252 3226 330 3311 eripi
351 3229 467 3311 possit.
512 3229 595 3295 Hinc
621 3227 725 3310 furta,
755 3229 826 3295 hinc
854 3228 1003 3313 rapinae,
1029 3229 1102 3295 hinc
1122 3230 1183 3295 cri·

252 3343 333 3408 mina
364 3359 394 3410 et
422 3344 556 3427 flagitia,
586 3361 620 3412 ut
647 3346 752 3412 ausint
779 3347 854 3412 adeo
879 3359 911 3412 et
931 3345 1016 3411 domi
1038 3361 1181 3428 parentes
1271 3397 1272 3400 ,

250 3459 432 3525 verberibus
454 3464 578 3528 caedere
595 3477 627 3529 et
638 3460 717 3531 foris
735 3463 932 3545 magistratus
949 3461 1089 3543 laedere,
1109 3462 1178 3546 ipsa

249 3579 326 3645 adeo
344 3579 481 3643 Deorum
504 3580 618 3661 templa
639 3598 673 3644 ac
695 3598 780 3644 sacra
802 3578 930 3644 violare.
952 3575 993 3653 (ο),
1057 3570 1063 3582 ’

290 3691 379 3777 Quae
396 3712 471 3758 vero
489 3693 614 3760 nomine
633 3694 759 3759 dicenda
777 3693 810 3758 in
829 3691 954 3759 civitate
971 3693 1097 3759 libertas
1116 3692 1178 3775 sit,

1163 3826 1180 3870 e

280 3920 321 3996 (1)
341 3918 389 3976 Sic
411 3920 550 3991 legendum
574 3938 625 3991 pro
650 3926 718 3988 τοῦς
740 3920 857 3980 videtur.
911 3919 952 3990 (ο)
972 3922 1015 3974 De
1029 3923 1100 3991 liep.
1119 3917 1174 3976 IX.

246 4006 308 4077 ⁵73.
323 4010 357 4063 C.
375 4037 407 4054 -
423 4008 484 4081 576,
502 4011 533 4063 Β.
802 4036 805 4041 ’
