2896 5168
523 492 751 603 -·“ι33-1

158 677 292 769 Justitia.
334 674 495 741 Renuncio
519 671 624 750 robis,
658 676 706 736 ait
735 673 857 759 Scipio,
897 675 977 736 aridii
999 690 1081 749 csse,

161 793 245 878 quod
261 789 407 873 adiuerit
426 809 460 851 ra
478 787 608 873 publica
621 786 736 851 dictam
757 802 920 872 putemur,
944 803 1001 851 atet
1022 809 1080 871 quo

156 910 304 993 passimus
323 905 444 989 lorrgius
459 902 628 989 progredi,
651 906 711 967 nisi
728 902 1013 982 eritconfirmaraar
1026 925 1085 968 narr

162 1020 268 1099 modo,
292 1022 415 1098 falsam
446 1016 529 1083 uiui
546 1038 628 1096 asra,
670 1021 734 1083 sine
754 1019 880 1103 injuria‘
900 1041 959 1086 aaa
975 1038 1084 1107 possa,

162 1137 216 1202 sed
232 1138 286 1201 irae
305 1137 496 1200 rarissimam
515 1154 594 1213 esse,
622 1137 686 1199 siaa
717 1136 839 1199 samma
861 1135 999 1219 justitia
1018 1155 1083 1199 reat

155 1251 311 1338 publicam
327 1252 398 1334 gari
415 1247 599 1315 nullomodo
617 1268 702 1336 poue
717 1249 772 1318 (¹).
816 1252 1082 1334 Quemadmodum

162 1383 262 1432 autem
292 1366 504 1448 gravissimum
543 1367 624 1431 hunc
656 1367 688 1430 in
721 1367 833 1432 Ethicd
851 1369 954 1434 locum
976 1382 1086 1434 tracta·

161 1482 241 1547 verit
267 1481 402 1561 Cicero,
443 1482 531 1547 testis
567 1483 658 1546 nobis
694 1483 890 1566 Augustinus
919 1500 992 1563 est,
1031 1486 1085 1568 qui

160 1600 313 1679 integrum
338 1597 500 1665 Ciceronis
520 1616 601 1678 opus
621 1599 746 1680 legerat.
783 1600 849 1680 „ln
867 1600 958 1664 tertio
980 1599 1085 1679 libro,

163 1729 333 1792 memorat,
367 1716 475 1794 magni
506 1713 735 1777 conflictatione
757 1733 804 1778 res
824 1728 889 1779 acta
909 1729 967 1780 est.
1011 1717 1087 1781 Sus·

161 1835 245 1911 cepit
276 1829 355 1893 enim
387 1827 495 1893 Philus
515 1827 582 1910 ipse
602 1829 844 1909 disputationem
872 1848 1000 1910 eorum,
1032 1832 1086 1912 qui

163 1947 338 2026 sentirent,
360 1946 427 2011 sine
450 1944 601 2028 injustitia
619 1945 680 2028 regi
703 1963 766 2008 non
788 1964 962 2028 passerem
985 1948 1089 2028 publi·

162 2084 253 2139 cam,
286 2080 422 2144 purgans
451 2079 486 2127 se
515 2061 700 2147 praecipue,
731 2079 771 2125 ne
795 2062 856 2126 hoc
882 2065 951 2144 lpse
975 2063 1088 2128 sentire

159 2181 355 2245 crederetur:
401 2177 526 2260 egitque
561 2177 671 2241 sedulo
711 2197 768 2259 pro
802 2177 954 2262 injustitil
979 2196 1087 2245 contra

159 2295 334 2379 justitiam,
364 2309 400 2359 ut
426 2295 504 2359 hanc
534 2312 602 2357 esse
623 2294 728 2358 utilem
750 2294 977 2377 reipublicae,
1006 2297 1086 2361 illam

163 2431 238 2476 vero
261 2410 427 2488 inutilem,
455 2410 677 2474 verisimilibus
698 2410 869 2476 rationibus
887 2428 917 2476 ct
940 2415 1086 2495 exemplis

162 2529 248 2591 velut
275 2541 437 2591 conaretur
456 2529 629 2591 ostendere.
686 2526 769 2592 Tum
794 2528 946 2611 Laelius,
978 2549 1089 2611 rogan·

89 2655 92 2659 ’
162 2641 248 2706 tibus
271 2640 440 2718 omuibus,
469 2640 620 2723 justitiam
646 2637 808 2704 defendere
829 2658 992 2723 aggressus
1015 2659 1084 2722 est,

162 2758 381 2837 adseruitque,
405 2770 553 2836 quantum
568 2755 702 2835 potuit,
731 2756 808 2819 nihil
827 2771 886 2819 tam
906 2756 1083 2835 inimicum,

164 2890 254 2952 quam
285 2869 466 2953 injustitiam
496 2869 633 2947 civitati,
662 2887 718 2934 nee
751 2868 878 2933 omnino
896 2869 958 2934 nisi
976 2876 1084 2953 magni

159 2984 281 3069 justitia
309 2985 373 3064 geri
399 3000 453 3047 aut
484 3000 564 3048 stare
595 3003 690 3065 posse
717 2987 968 3067 rempublicam.
1016 2987 1086 3073 Qut

164 3100 345 3182 quaestione
378 3112 526 3180 quantum
567 3100 641 3164 satis
670 3099 769 3165 visum
801 3116 849 3165 est
879 3107 1085 3182 pertractati,

161 3216 267 3298 Scipio
298 3216 336 3280 ad
369 3216 542 3281 intermissa
573 3217 758 3296 revertitur,
798 3217 971 3298 recolitque
997 3236 1083 3282 suam

162 3349 255 3416 atque
271 3334 464 3398 commendat
486 3333 608 3398 breuem
631 3333 830 3417 reipublicae
851 3333 1085 3414 definitionem,

1026 3470 1086 3530 qua

161 3575 212 3619 aar
236 3574 340 3616 natura
367 3575 419 3615 aar
442 3558 588 3628 valaniae,
618 3567 667 3637 qai
689 3566 769 3617 illane
793 3566 874 3634 regit.
926 3563 992 3616 inde
1019 3565 1083 3616 haee

154 3668 188 3716 -in
214 3663 360 3730 proximis:
382 3686 414 3700 -
432 3682 510 3733 quem
531 3666 594 3729 jam
619 3665 720 3714 dudum
747 3681 849 3734 quaero
873 3669 900 3713 et
919 3681 943 3715 c.
965 3664 1015 3716 sets
1036 3665 1083 3714 ai.

159 3761 208 3811 deo
225 3762 288 3826 jam
308 3759 405 3822 illum,
435 3777 514 3828 quem
529 3760 739 3829 exspectabam,
758 3760 847 3811 airam
867 3762 912 3810 cui
927 3755 1082 3828 praeficias

161 3859 248 3927 officio
272 3867 300 3909 et
327 3859 443 3909 mreaeri.
495 3856 562 3909 Inde
584 3856 726 3910 concordia
747 3858 877 3910 virtulum
898 3865 926 3909 et
946 3856 1082 3912 harmonia

159 3961 188 4009 in
209 3955 347 4023 republica
375 3962 402 4006 et
427 3954 470 4007 his
497 3955 562 4008 iocis
580 3964 606 4008 et
621 3957 650 4007 in
671 3958 780 4008 Samnio
800 3957 949 4027 Scipionis.

195 4055 236 4125 (ι)
258 4057 301 4107 υ.
316 4057 387 4124 nep.
405 4054 444 4107 tr.
461 4055 505 4109 42.
941 4047 947 4057 '
