2896 5168
692 456 696 463 ·
760 427 952 498 ,re-ist*

393 612 580 686 tenturum,
610 606 762 668 censesne
784 616 855 665 enm
884 599 958 683 irasc
986 597 1229 682 desideraturum
1248 603 1319 670 cs'sd

391 736 602 813 magnopere,
622 717 798 802 beatosque
825 714 926 803 illos2
946 716 1001 801 qui
1030 719 1113 800 apud
1138 718 1198 783 hos
1218 720 1334 804 honos

390 848 553 918 ranturtet
571 832 792 917 dominantur,
815 830 1021 901 habiturum?
1049 852 1089 899 sn
1112 853 1189 902 vero
1206 837 1318 919 malle,

359 936 369 952 ’
389 952 477 1037 qnod
496 950 580 1034 apud
601 943 777 1018 Homerum
794 949 833 1015 de
852 967 888 1016 se
908 948 951 1016 ait
979 948 1143 1034 Achiuos,
1163 948 1318 1039 ramoso

387 1072 476 1141 pm
497 1069 529 1113 m

840 1261 886 1296 ὁ-
906 1244 1065 1327 onerosum
1083 1243 1171 1327 ἄλλῳ

553 1356 650 1444 ‘sript
673 1354 749 1442 παρ’
765 1360 894 1442 dxiiii).

384 1526 420 1590 in
437 1522 647 1617 superioribus
664 1524 784 1602 terris,
801 1525 952 1610 pauperis
977 1522 1107 1591 hominis
1129 1525 1317 1611 mancipium

304 1694 307 1699 .
386 1614 472 1724 aare,
493 1610 525 1706 et
552 1639 681 1722 quidvis
703 1639 768 1722 pati
789 1640 899 1722 aliud,
933 1659 1026 1722 quam
1048 1639 1117 1707 istis
1140 1640 1231 1707 illudi
1250 1643 1320 1724 opi·

386 1754 536 1831 trionibus
559 1772 591 1824 et
613 1757 708 1824 istum
728 1757 761 1822 in
784 1758 912 1824 modum
939 1757 1072 1825 viverei
1093 1792 1140 1811 -
1159 1759 1210 1826 Sic
1230 1761 1321 1844 equi·

385 1876 455 1942 dem
477 1875 592 1960 opinor
612 1875 737 1957 quidvis
762 1893 834 1942 eum
854 1893 1076 1960 perpessurum
1096 1895 1167 1942 esse
1187 1876 1319 1960 potius,

386 2009 480 2087 quam
503 1991 546 2057 ita
562 1991 731 2057 victurum.
761 2023 806 2038 -
832 1984 918 2058 Tum
945 1993 1006 2058 hoc
1035 1993 1196 2060 considera
1219 1996 1311 2060 item:

386 2106 414 2197 si
434 2126 542 2173 rursus
563 2106 615 2172 iile
633 2109 742 2201 codem
763 2110 975 2192 descendens,
999 2110 1031 2176 in
1060 2112 1187 2178 eandem
1211 2131 1246 2178 se
1265 2114 1320 2179 de'·

385 2240 450 2289 nuo
470 2225 576 2291 sedern
596 2225 788 2309 demitteret,
817 2245 923 2293 nonne
945 2228 1078 2314 caligine
1099 2230 1224 2296 haberet
1243 2248 1321 2297 ocu·

383 2342 433 2409 los
452 2345 612 2428 repletos,
635 2344 755 2428 quippe
776 2345 871 2411 modo
896 2346 958 2411 huc
980 2366 999 2412 a
1017 2348 1086 2413 sole
1104 2348 1252 2414 delatus?
1273 2371 1320 2402 -n

384 2456 536 2542 Perquam
557 2476 643 2524 sane.
673 2494 717 2509 —
747 2452 884 2521 Umbras
916 2470 1020 2521 autem
1052 2458 1128 2522 istas
1158 2461 1186 2523 si
1206 2480 1316 2525 rursus

383 2576 511 2641 deberet
537 2570 732 2654 conjiciendo
755 2568 924 2652 dijudicare
951 2585 984 2637 et
999 2584 1117 2636 certare
1136 2571 1185 2636 his
1204 2573 1318 2642 studiis
1344 2626 1347 2631 .

336 2702 342 2716 '
382 2706 455 2771 cum
485 2686 569 2767 iliis,
607 2686 662 2768 qui
687 2700 844 2771 perpetuo
877 2700 1051 2752 manserant
1081 2680 1216 2754 vinculis
1243 2709 1320 2757 con·

384 2805 508 2885 stricti,
552 2822 679 2887 nonne,
731 2803 877 2884 quamdiu
924 2803 1090 2871 caecutiret
1132 2806 1317 2889 priusquam

382 2923 599 3020 constitissent
649 2921 749 2988 oculi:
787 2937 926 3016 ¹tempus
970 2936 1075 2989 autem
1117 2924 1155 2991 ad
1195 2939 1318 2992 contrad
1358 2931 1364 2941 ’

293 3101 298 3110 .
382 3036 533 3137 luendam·
547 3057 619 3105 eum
659 3015 823 3123 praesente
855 3038 1036 3107 conditione
1056 3043 1315 3110 consuetudinem

382 3158 508 3235 nonita
533 3157 629 3224 breve
656 3169 763 3221 esset:
796 3173 923 3238 nonne,
956 3157 1109 3240 inquam,
1137 3160 1255 3227 tamdiu
1276 3161 1320 3227 ri-

381 3295 451 3345 sum
473 3288 614 3357 moveret
634 3272 696 3356 iilis
718 3270 909 3357 identidem,
931 3274 1132 3356 dicerentque
1158 3275 1198 3342 de
1224 3296 1262 3342 eo
1281 3278 1320 3342 il·

382 3389 429 3474 ri,
451 3391 630 3456 escendisse
651 3389 735 3455 hunc
757 3408 904 3470 sursum,
926 3392 1085 3476 corruptis
1109 3411 1188 3486 vero
1215 3394 1318 3462 oculis

383 3507 533 3579 rediisse:
559 3507 643 3601 haud
662 3507 774 3592 decere
792 3520 959 3590 propterea
978 3526 1018 3574 ne
1034 3511 1085 3577 vel
1100 3509 1206 3578 conari
1223 3512 1318 3580 etiam

382 3625 580 3711 escendere,¹
597 3636 651 3705 et,
681 3623 708 3690 si
734 3624 811 3707 quis,
839 3622 927 3708 ipsos
956 3622 1087 3695 liberare
1115 3617 1319 3706 vinculisat'·

383 3762 445 3829 quc
458 3743 605 3825 educere,
622 3753 757 3809 tentaret
778 3758 927 3824 sursum,
949 3743 1057 3824 hunc,
1078 3742 1222 3808 manibus
1250 3755 1320 3807 mo·

402 3923 405 3930 .
663 3903 665 3906 >
706 3920 708 3925 ,
1273 3858 1317 3924 do

385 3968 387 3972 ⁴
418 3972 461 4046 p)
479 3970 579 4043 omns
595 3926 776 4028 xn'sss'ss.
793 3934 1316 4046 r.'a·r.uu.1rr.a·n0pp.us
