2896 5168
643 452 813 557 *³⁶-

269 635 354 698 mum
381 628 413 696 in
441 629 557 697 mutuis
585 631 802 714 commerciis,
826 648 900 699 cum
930 630 1049 714 aliquid
1067 643 1191 697 contra·

269 747 350 815 hunt
369 747 484 830 ambo,
509 765 662 831 nusquam
690 748 724 815 in
751 747 949 816 dissolvenda
975 747 1124 815 societate
1144 766 1192 812 re·

267 863 392 948 peries,
413 865 485 948 plus
499 865 644 950 justum,
672 883 764 948 quam
788 865 959 952 injustum,
990 863 1046 930 sed
1070 880 1192 946 semper

269 978 373 1046 minus
395 993 570 1064 reportate:
599 993 667 1047 tum
695 979 728 1045 in
753 978 846 1046 rebus
871 979 1030 1064 publicis,
1060 977 1116 1044 ubi
1137 977 1193 1043 tri·

268 1092 344 1162 buta
367 1090 554 1163 conferenda
575 1109 672 1176 sunt,
694 1075 802 1181 justus
824 1097 898 1179 plus
922 1095 1069 1179 confert,
1097 1108 1189 1179 quam

268 1213 497 1295 sui'aequaIes,
515 1211 652 1295 injustus
672 1209 806 1297 minust.
826 1210 881 1276 ubi
905 1230 981 1277 vero
1006 1212 1125 1294 aliquid
1142 1231 1194 1278 ac·

267 1327 445 1411 cipiendum
464 1340 534 1410 est,
555 1328 664 1412 justus
683 1326 785 1410 nihil,
808 1327 948 1413 injustus
967 1331 1065 1393 multa
1083 1344 1193 1412 tepor.-

263 1454 326 1508 tat.
357 1441 483 1510 Etenim
501 1446 535 1525 ,si
558 1443 683 1527 quando
701 1424 882 1528 magistratu
902 1443 1037 1527 quodam
1062 1456 1195 1526 uterque

271 1555 436 1643 fungitur,
455 1559 484 1626 si
500 1560 586 1626 uuila
604 1557 663 1626 alia
675 1559 765 1645 justo
781 1561 900 1647 jactura
919 1558 1096 1645 contingit,
1117 1558 1193 1626 haec
1329 1616 1334 1626 .

269 1679 378 1743 saltem
406 1677 452 1744 illi
476 1694 541 1744 non
565 1678 675 1761 deest,
703 1664 739 1745 ut
769 1697 820 1747 res
843 1678 1033 1747 domesticae
1057 1678 1196 1747 deterius

268 1811 325 1876 per
351 1794 566 1880 negligentiam
594 1794 818 1880 disponantur:
861 1816 900 1864 ex
930 1776 1059 1880 publico
1089 1812 1192 1864 autem

268 1907 348 1973 nihil
377 1924 562 1994 propterea,
589 1909 678 1990 quod
697 1911 805 1994 iustus
829 1895 901 1990 cst,
926 1913 1075 1979 lucretur.
1131 1915 1197 1979 Ac·

204 2024 207 2029 ’
267 2025 378 2106 cedit,
405 2027 493 2106 quod
516 2024 709 2091 domesticos
734 2043 770 2090 ac
791 2023 956 2092 familiares
977 2025 1042 2093 sibi
1061 2026 1196 2097 infestos

269 2140 390 2223 reddit,
416 2160 489 2208 cum
514 2139 579 2208 illis
599 2138 781 2225 prospicere
803 2143 891 2210 nulli
910 2137 944 2209 in
967 2160 1002 2210 re
1024 2141 1107 2212 ultra
1128 2144 1197 2229 jus·

269 2274 336 2324 tum
368 2257 467 2341 relit3
506 2256 625 2344 injusto
657 2275 735 2324 vero
759 2259 864 2324 omnia
888 2274 998 2327 contra
1023 2259 1193 2331 eveniunt:

243 2363 245 2368 ’
268 2373 341 2442 dico
357 2388 482 2456 autem,
498 2375 585 2456 quod
601 2389 632 2439 et
649 2392 768 2458 supra,
781 2374 821 2440 de
837 2393 894 2459 eo,
911 2376 966 2468 qui
976 2381 1111 2447 multum
1120 2398 1196 2463 prae

267 2489 398 2558 caeteris
416 2502 522 2574 potest
541 2488 671 2556 lucrari:
702 2491 786 2557 hunc
809 2488 907 2573 igitur
928 2493 1075 2577 attende,
1100 2494 1129 2561 si
1146 2496 1195 2562 vis

268 2607 429 2694 judicare,
456 2605 687 2689 quantomagis
708 2605 873 2691 conferat,
893 2607 1040 2692 privatim
1064 2609 1127 2676 sibi
1146 2612 1195 2678 in·

267 2726 387 2811 justum
398 2741 491 2804 esse,
507 2739 602 2806 quam
614 2722 748 2807 justum.
781 2723 941 2792 Facillime
954 2739 1058 2792 autem
1075 2725 1196 2810 disces,

273 2840 304 2908 ei
317 2842 537 2910 adeatuemam
555 2838 732 2923 perveneris
753 2839 954 2929 injustitiam,
982 2861 1063 2924 quae
1081 2841 1199 2928 iniuste

270 2973 410 3042 egentem
434 2954 649 3024 felicissimum
670 2955 789 3042 efficit,
810 2977 876 3025 *eos
900 2975 1031 3047 contra,
1051 2959 1108 3044 qui
1135 2962 1200 3030 affi-

269 3074 397 3142 ciuntur
417 3071 530 3159 injurii
550 3092 586 3140 ac
612 3074 764 3142 nemiuem
790 3076 905 3161 injuste
925 3076 1043 3144 laedere
1065 3079 1199 3162 volunt,

268 3188 517 3257 infelicissimos.
560 3189 622 3257 Est
639 3206 743 3260 autem
758 3193 834 3259 haec
850 3192 1017 3278 tyrannis,
1036 3212 1197 3279 quaenam

269 3307 438 3393 paulatim,
461 3307 518 3371 sed
535 3305 629 3372 simul
650 3308 753 3374 omnia
772 3309 870 3374 aliena
889 3323 1041 3392 usurpat,
1066 3326 1098 3376 et
1119 3313 1197 3378 clam

183 3455 189 3464 ·
270 3438 301 3491 et
322 3423 379 3506 vi,
397 3438 429 3488 et
449 3440 535 3488 sacre
553 3436 584 3487 et
605 3437 733 3504 sancta,
753 3437 785 3489 ct
805 3424 925 3506 privata
944 3433 976 3513 et
997 3424 1144 3507 publicat
1164 3427 1200 3494 in

269 3537 391 3620 quibus
412 3536 546 3620 singulis
563 3535 592 3604 si
616 3536 688 3620 quis
711 3535 892 3619 singulatim
914 3537 1078 3624 deliquerit
1092 3545 1202 3623 depre-

250 3655 454 3738 -hensusquc
477 3651 595 3732 fuerit,
620 3653 789 3719 mulctatur
815 3667 849 3719 et
874 3656 1048 3740 opprobrio
1069 3656 1202 3723 afficitur
1298 3719 1303 3725 .

271 3772 423 3838 maximoe
449 3768 590 3853 sacrilegi
613 3768 718 3854 enim,
739 3768 899 3853 plagiarii,
921 3770 1123 3851 effractores,
1149 3769 1202 3839 fu·

248 3916 253 3947 .-
274 3906 344 3968 res,
359 3888 495 3951 latrones
516 3900 548 3952 et
568 3883 696 3951 omnino
715 3904 772 3968 per
788 3884 926 3969 singulas
943 3899 1052 3970 partes
1071 3904 1204 3967 peccan-

274 4021 342 4088 tes,
371 4002 409 4069 ab
430 4001 609 4088 huiusmodi
631 3999 813 4069 criminibus
836 4019 952 4072 nomen
971 4001 1098 4073 habent.
1142 4004 1206 4072 Sed

1145 4123 1203 4188 ubi
