2896 5168
621 467 793 530 ..73-

248 627 337 716 Quae
360 629 536 695 communis
562 625 624 695 iuit
653 626 811 694 uniuersae
832 624 1168 708 antiquitatis-sentem

249 746 304 813 tia.
367 745 412 813 Et
439 763 540 824 vero,

398 880 472 950 Quid
486 881 561 951 leges
575 882 636 932 aine
653 879 775 932 moribus

399 970 498 1022 Vanae
510 968 690 1039 proficiunt?
711 970 752 1039 (r)

251 1093 314 1160 Sed
332 1091 486 1157 cernimus
516 1091 558 1156 ita
584 1092 701 1173 simul,
731 1105 826 1157 totam
845 1088 1027 1174 philosophi
1048 1090 1086 1156 de
1105 1093 1177 1173 pul·

251 1228 326 1289 cro,
357 1209 396 1274 de
426 1209 511 1276 bono
541 1228 576 1274 ac
607 1210 646 1275 de
665 1208 785 1274 artibus
804 1206 1034 1292 philosophiam
1055 1197 1203 1273 tantum

252 1326 382 1403 abesse,
414 1341 448 1392 ut
473 1325 642 1392 theoretica
663 1327 704 1391 sit
728 1326 881 1408 uniceque
901 1324 1101 1408 philosophis
1128 1342 1179 1389 re·

251 1441 441 1524 linquenda,
472 1459 508 1509 ut
536 1443 645 1508 adres
668 1443 803 1508 civitatis
825 1441 1044 1526 gravissimas,
1069 1441 1107 1507 ad
1131 1441 1179 1526 ip·

254 1575 318 1624 sam
350 1560 524 1625 firmandam
556 1561 659 1641 legum
694 1559 907 1624 auctoritatem
930 1560 1040 1625 valeat.
1082 1559 1179 1644 Quod

256 1677 341 1741 dicto
367 1688 449 1740 recte
480 1673 633 1756 expressit
660 1673 862 1738 Xenocrates.
905 1671 1009 1752 Nam,
1040 1684 1076 1735 ut
1099 1673 1184 1752 apud

256 1791 441 1857 Ciceronem
480 1802 551 1869 est,
587 1806 658 1852 cum
701 1799 899 1868 quaereretur
937 1803 976 1850 ex
1009 1803 1069 1860 eo.
1106 1785 1184 1868 quid
1217 1847 1220 1851 .

257 1920 494 1985 assequerentur
522 1905 589 1988 ejus
627 1903 795 1985 discipuli,
832 1903 1031 1986 respondisse
1062 1899 1183 1984 fertur,

259 2037 295 2087 ut
319 2020 357 2086 id
382 2021 444 2087 rud
469 2037 572 2108 sponte
594 2021 757 2101 facerent,
789 2017 872 2107 quod
895 2034 1050 2104 coguntur
1072 2019 1186 2102 facero

258 2136 387 2222 legibus.
419 2135 459 2205 (¹)
521 2139 583 2203 Sed
619 2136 692 2201 illuc
732 2150 852 2218 spectat
888 2137 1022 2202 Platonis
1057 2136 1185 2220 potissi·

261 2273 344 2320 mum
385 2259 449 2341 περὶ
494 2262 547 2325 τοῦ
583 2255 687 2333 ὄντος,
725 2255 766 2318 de·
802 2272 896 2333 vero,
934 2254 972 2320 de
1011 2253 1185 2336 disciplinis

261 2387 296 2435 ac
337 2371 376 2437 de
412 2372 528 2435 mundo
566 2375 655 2455 νοητῷ
693 2369 903 2452 philosophia.
969 2369 1187 2454 Explicuimus

262 2503 350 2566 eam,
383 2500 550 2569 postquam
580 2488 618 2552 de
651 2486 793 2567 artibus,
828 2487 1033 2570 inprimisque
1058 2490 1096 2552 de
1120 2507 1189 2553 mu·

263 2603 330 2668 sica
351 2602 523 2668 dixeramus
551 2604 650 2681 satis,
681 2603 877 2684 vidimusque
900 2601 1006 2667 referri
1029 2622 1094 2669 eam
1116 2622 1191 2686 pro·

264 2721 331 2803 prie
363 2722 401 2786 ad
440 2736 521 2786 recte
551 2720 751 2785 excolendum
788 2719 1049 2799 erudiendumque
1087 2719 1192 2784 homi·

266 2855 350 2902 nem.
405 2836 466 2903 Hic
500 2851 601 2900 autem
627 2834 742 2916 patebit
769 2834 886 2912 nobis,
918 2832 1097 2898 destinatam
1119 2852 1190 2899 ean·

269 2949 336 3014 dem
368 2949 406 3014 ab
435 2965 562 3014 auctore
584 2950 713 3014 maxime
742 2967 811 3013 esse
836 2951 875 3015 ad
905 2951 1073 3015 acuendum
1096 2950 1192 3014 infor·

270 3067 478 3146 mandumque
519 3083 626 3132 eorum
665 3063 846 3146 ingenium,
889 3064 944 3147 qui
981 3065 1189 3148 reipublicae,

272 3201 363 3263 quam
386 3181 498 3263 finxit,
520 3181 730 3267 gubernaculo
757 3198 861 3249 essent
879 3183 1054 3250 adhibendi.
1097 3185 1194 3270 Quod

273 3301 327 3366 ubi
360 3319 401 3366 ex
430 3298 497 3382 ipsa
533 3299 714 3382 philosophi
752 3302 893 3366 doctrina
934 3304 1193 3383 exposuerimus,

272 3416 354 3481 haud
373 3415 550 3480 mirabimur
569 3433 667 3495 sane,
687 3415 732 3481 sic
755 3418 794 3480 de
817 3413 1002 3497 reipublicae
1018 3415 1192 3481 rectoribus

272 3532 493 3615 pronunciasse
514 3534 693 3613 Platonem,
716 3546 750 3599 ut
774 3531 864 3597 linem
885 3531 1024 3596 futurum
1045 3533 1195 3597 malorum

272 3649 305 3714 in
332 3648 511 3715 civitatibus
540 3667 686 3733 negaret,
719 3664 898 3730 anteaquam
936 3651 986 3714 vel
1013 3649 1199 3734 philosophi

272 3783 326 3832 eas
344 3782 504 3849 regerent,
534 3769 582 3830 vel
606 3767 660 3846 qui
679 3783 763 3832 nunc
784 3784 835 3831 eas
855 3780 986 3849 regunt,
1015 3766 1196 3851 philosophi

1149 3903 1198 3952 08·
1286 3912 1290 3921 '

311 4028 351 4098 (ι)
371 4029 464 4083 Horat.
484 4031 575 4082 Germ.
587 4027 696 4088 illesi.
712 4047 753 4089 ru·
764 4030 805 4084 3⁶.
857 4029 899 4101 (a)
918 4029 977 4085 Cic·
994 4033 1065 4102 nep.
1077 4032 1101 4087 1.
1118 4049 1179 4089 M.
