<?xml version="1.0" encoding="UTF-8"?>
<!DOCTYPE html PUBLIC "-//W3C//DTD XHTML 1.0 Transitional//EN"
    "http://www.w3.org/TR/xhtml1/DTD/xhtml1-transitional.dtd">
<html xmlns="http://www.w3.org/1999/xhtml" xml:lang="en" lang="en">
 <head>
  <title>
</title>
<meta http-equiv="Content-Type" content="text/html;charset=utf-8" />
  <meta name='ocr-system' content='tesseract 3.04.00' />
  <meta name='ocr-capabilities' content='ocr_page ocr_carea ocr_par ocr_line ocrx_word'/>
</head>
<body>
  <div class='ocr_page' id='page_1' title='image "./initiaphilosoph04heusgoog_0305.png"; bbox 0 0 2896 5168; ppageno 0'>
   <div class='ocr_carea' id='block_1_1' title="bbox 525 436 696 501">
    <p class='ocr_par' dir='ltr' id='par_1_1' title="bbox 525 436 696 501">
     <span class='ocr_line' id='line_1_1' title="bbox 525 436 696 501; baseline 0.006 -32"><span class='ocrx_word' id='word_1_1' title='bbox 525 436 696 501; x_wconf 82' lang='lat' dir='ltr'>-2s-</span> 
     </span>
    </p>
   </div>
   <div class='ocr_carea' id='block_1_2' title="bbox 110 596 1149 2081">
    <p class='ocr_par' dir='ltr' id='par_1_2' title="bbox 110 596 1149 2081">
     <span class='ocr_line' id='line_1_2' title="bbox 140 596 1075 689; baseline 0.003 -25"><span class='ocrx_word' id='word_1_2' title='bbox 140 596 274 687; x_wconf 82' lang='lat' dir='ltr'>veritati</span> <span class='ocrx_word' id='word_1_3' title='bbox 299 601 428 668; x_wconf 77' lang='lat' dir='ltr'><strong>studens</strong></span> <span class='ocrx_word' id='word_1_4' title='bbox 455 601 572 681; x_wconf 87' lang='lat' dir='ltr'>unice,</span> <span class='ocrx_word' id='word_1_5' title='bbox 595 618 693 683; x_wconf 88' lang='lat' dir='ltr'>quum</span> <span class='ocrx_word' id='word_1_6' title='bbox 726 599 758 664; x_wconf 90' lang='lat' dir='ltr'>in</span> <span class='ocrx_word' id='word_1_7' title='bbox 782 599 831 665; x_wconf 90' lang='lat' dir='ltr'>his</span> <span class='ocrx_word' id='word_1_8' title='bbox 855 600 973 684; x_wconf 86' lang='lat' dir='ltr'>rebus,</span> <span class='ocrx_word' id='word_1_9' title='bbox 994 626 1075 689; x_wconf 78' lang='lat' dir='ltr'>quae</span> 
     </span>
     <span class='ocr_line' id='line_1_3' title="bbox 110 717 1147 807; baseline 0.01 -24"><span class='ocrx_word' id='word_1_10' title='bbox 110 779 112 783; x_wconf 12' lang='grc' dir='ltr'><em>Α</em></span> <span class='ocrx_word' id='word_1_11' title='bbox 143 718 286 783; x_wconf 80' lang='lat' dir='ltr'>sensibus</span> <span class='ocrx_word' id='word_1_12' title='bbox 316 717 558 800; x_wconf 89' lang='lat' dir='ltr'>percipiuntur,</span> <span class='ocrx_word' id='word_1_13' title='bbox 588 719 674 799; x_wconf 92' lang='lat' dir='ltr'>quod</span> <span class='ocrx_word' id='word_1_14' title='bbox 703 733 778 783; x_wconf 90' lang='lat' dir='ltr'>vere</span> <span class='ocrx_word' id='word_1_15' title='bbox 806 734 889 782; x_wconf 90' lang='lat' dir='ltr'>esset</span> <span class='ocrx_word' id='word_1_16' title='bbox 911 720 1076 807; x_wconf 89' lang='lat' dir='ltr'>pulcrum,</span> <span class='ocrx_word' id='word_1_17' title='bbox 1109 750 1147 793; x_wconf 90' lang='lat'>·.</span> 
     </span>
     <span class='ocr_line' id='line_1_4' title="bbox 145 812 1075 921; baseline 0.003 -21"><span class='ocrx_word' id='word_1_18' title='bbox 145 812 287 912; x_wconf 82' lang='lat' dir='ltr'>honum,</span> <span class='ocrx_word' id='word_1_19' title='bbox 317 835 464 917; x_wconf 87' lang='lat' dir='ltr'>justum,</span> <span class='ocrx_word' id='word_1_20' title='bbox 497 833 688 914; x_wconf 85' lang='lat' dir='ltr'>omninoque</span> <span class='ocrx_word' id='word_1_21' title='bbox 720 835 807 913; x_wconf 91' lang='lat' dir='ltr'>quod</span> <span class='ocrx_word' id='word_1_22' title='bbox 831 854 940 902; x_wconf 79' lang='lat' dir='ltr'>nerum</span> <span class='ocrx_word' id='word_1_23' title='bbox 967 852 1075 921; x_wconf 88' lang='lat' dir='ltr'>esset,</span> 
     </span>
     <span class='ocr_line' id='line_1_5' title="bbox 142 948 1087 1034; baseline 0 -19"><span class='ocrx_word' id='word_1_24' title='bbox 142 967 209 1015; x_wconf 93' lang='lat' dir='ltr'>non</span> <span class='ocrx_word' id='word_1_25' title='bbox 233 949 406 1032; x_wconf 88' lang='lat' dir='ltr'>reperiret,</span> <span class='ocrx_word' id='word_1_26' title='bbox 443 949 540 1031; x_wconf 83' lang='lat' dir='ltr'>vulgo</span> <span class='ocrx_word' id='word_1_27' title='bbox 571 948 809 1030; x_wconf 88' lang='lat' dir='ltr'>relinquendum</span> <span class='ocrx_word' id='word_1_28' title='bbox 838 950 1087 1034; x_wconf 81' lang='lat' dir='ltr'>adspectabilem.</span> 
     </span>
     <span class='ocr_line' id='line_1_6' title="bbox 146 1063 1149 1162; baseline 0.004 -31"><span class='ocrx_word' id='word_1_29' title='bbox 146 1066 298 1131; x_wconf 87' lang='lat' dir='ltr'>mundum</span> <span class='ocrx_word' id='word_1_30' title='bbox 325 1063 436 1130; x_wconf 77' lang='lat' dir='ltr'>duxit:</span> <span class='ocrx_word' id='word_1_31' title='bbox 480 1063 542 1128; x_wconf 87' lang='lat' dir='ltr'>sibi</span> <span class='ocrx_word' id='word_1_32' title='bbox 567 1081 643 1128; x_wconf 91' lang='lat' dir='ltr'>vero</span> <span class='ocrx_word' id='word_1_33' title='bbox 673 1064 886 1149; x_wconf 91' lang='lat' dir='ltr'>omnibusque</span> <span class='ocrx_word' id='word_1_34' title='bbox 919 1081 1081 1151; x_wconf 87' lang='lat' dir='ltr'>quotquot</span> <span class='ocrx_word' id='word_1_35' title='bbox 1142 1152 1149 1162; x_wconf 91' lang='lat'>.</span> 
     </span>
     <span class='ocr_line' id='line_1_7' title="bbox 145 1179 1078 1266; baseline 0.005 -20"><span class='ocrx_word' id='word_1_36' title='bbox 145 1182 207 1247; x_wconf 87' lang='lat' dir='ltr'>rite</span> <span class='ocrx_word' id='word_1_37' title='bbox 232 1199 345 1246; x_wconf 85' lang='lat' dir='ltr'>navare</span> <span class='ocrx_word' id='word_1_38' title='bbox 370 1179 593 1264; x_wconf 81' lang='lat' dir='ltr'><strong>philosophiae</strong></span> <span class='ocrx_word' id='word_1_39' title='bbox 623 1198 748 1263; x_wconf 86' lang='lat' dir='ltr'>operam</span> <span class='ocrx_word' id='word_1_40' title='bbox 776 1198 951 1266; x_wconf 86' lang='lat' dir='ltr'>cuperent,</span> <span class='ocrx_word' id='word_1_41' title='bbox 983 1184 1078 1251; x_wconf 89' lang='lat' dir='ltr'>alium</span> 
     </span>
     <span class='ocr_line' id='line_1_8' title="bbox 148 1294 1079 1382; baseline 0.004 -22"><span class='ocrx_word' id='word_1_42' title='bbox 148 1309 252 1362; x_wconf 80' lang='lat' dir='ltr'>metue</span> <span class='ocrx_word' id='word_1_43' title='bbox 268 1309 301 1361; x_wconf 93' lang='lat' dir='ltr'>et</span> <span class='ocrx_word' id='word_1_44' title='bbox 323 1295 513 1380; x_wconf 85' lang='lat' dir='ltr'>cogitatione</span> <span class='ocrx_word' id='word_1_45' title='bbox 544 1294 693 1359; x_wconf 90' lang='lat' dir='ltr'>mundum</span> <span class='ocrx_word' id='word_1_46' title='bbox 719 1295 864 1376; x_wconf 86' lang='lat' dir='ltr'>apernit,</span> <span class='ocrx_word' id='word_1_47' title='bbox 886 1296 919 1361; x_wconf 92' lang='lat' dir='ltr'>in</span> <span class='ocrx_word' id='word_1_48' title='bbox 942 1317 1007 1378; x_wconf 92' lang='lat' dir='ltr'>quo</span> <span class='ocrx_word' id='word_1_49' title='bbox 1028 1298 1079 1382; x_wconf 89' lang='lat' dir='ltr'>id,</span> 
     </span>
     <span class='ocr_line' id='line_1_9' title="bbox 147 1410 1130 1498; baseline 0.004 -21"><span class='ocrx_word' id='word_1_50' title='bbox 147 1412 234 1494; x_wconf 90' lang='lat' dir='ltr'>quod</span> <span class='ocrx_word' id='word_1_51' title='bbox 261 1412 410 1498; x_wconf 85' lang='lat' dir='ltr'>flagrante</span> <span class='ocrx_word' id='word_1_52' title='bbox 440 1412 545 1478; x_wconf 89' lang='lat' dir='ltr'>studio</span> <span class='ocrx_word' id='word_1_53' title='bbox 572 1410 762 1494; x_wconf 87' lang='lat' dir='ltr'>appetebat,</span> <span class='ocrx_word' id='word_1_54' title='bbox 785 1411 943 1478; x_wconf 88' lang='lat' dir='ltr'>invenisse</span> <span class='ocrx_word' id='word_1_55' title='bbox 967 1415 1084 1481; x_wconf 91' lang='lat' dir='ltr'>sibiet</span> <span class='ocrx_word' id='word_1_56' title='bbox 1121 1434 1130 1455; x_wconf 90' lang='lat'><strong>·</strong></span> 
     </span>
     <span class='ocr_line' id='line_1_10' title="bbox 147 1527 1084 1615; baseline 0.004 -21"><span class='ocrx_word' id='word_1_57' title='bbox 147 1531 349 1615; x_wconf 86' lang='lat' dir='ltr'>contemplari</span> <span class='ocrx_word' id='word_1_58' title='bbox 382 1527 558 1596; x_wconf 74' lang='lat' dir='ltr'>uidebatur.</span> <span class='ocrx_word' id='word_1_59' title='bbox 624 1529 659 1593; x_wconf 95' lang='lat' dir='ltr'>ln</span> <span class='ocrx_word' id='word_1_60' title='bbox 692 1528 809 1610; x_wconf 90' lang='lat' dir='ltr'>quihus</span> <span class='ocrx_word' id='word_1_61' title='bbox 838 1529 997 1615; x_wconf 62' lang='lat' dir='ltr'>,lingendis</span> <span class='ocrx_word' id='word_1_62' title='bbox 1029 1533 1084 1599; x_wconf 91' lang='lat' dir='ltr'>de·</span> 
     </span>
     <span class='ocr_line' id='line_1_11' title="bbox 145 1643 1083 1730; baseline 0.001 -18"><span class='ocrx_word' id='word_1_63' title='bbox 145 1646 383 1729; x_wconf 88' lang='lat' dir='ltr'>scribendisque</span> <span class='ocrx_word' id='word_1_64' title='bbox 396 1647 542 1724; x_wconf 89' lang='lat' dir='ltr'>modum,</span> <span class='ocrx_word' id='word_1_65' title='bbox 563 1643 687 1724; x_wconf 85' lang='lat' dir='ltr'>fateor,</span> <span class='ocrx_word' id='word_1_66' title='bbox 710 1647 861 1727; x_wconf 89' lang='lat' dir='ltr'>subinde,</span> <span class='ocrx_word' id='word_1_67' title='bbox 887 1667 978 1730; x_wconf 90' lang='lat' dir='ltr'>qoem</span> <span class='ocrx_word' id='word_1_68' title='bbox 1003 1650 1083 1719; x_wconf 89' lang='lat' dir='ltr'>ratio</span> 
     </span>
     <span class='ocr_line' id='line_1_12' title="bbox 146 1762 1083 1847; baseline 0.002 -18"><span class='ocrx_word' id='word_1_69' title='bbox 146 1763 279 1847; x_wconf 88' lang='lat' dir='ltr'>delinit,</span> <span class='ocrx_word' id='word_1_70' title='bbox 301 1764 458 1843; x_wconf 69' lang='lat' dir='ltr'>excessit,</span> <span class='ocrx_word' id='word_1_71' title='bbox 481 1762 614 1828; x_wconf 87' lang='lat' dir='ltr'>subinde</span> <span class='ocrx_word' id='word_1_72' title='bbox 640 1762 750 1842; x_wconf 86' lang='lat' dir='ltr'>etiam,</span> <span class='ocrx_word' id='word_1_73' title='bbox 775 1765 861 1844; x_wconf 88' lang='lat' dir='ltr'>qnod</span> <span class='ocrx_word' id='word_1_74' title='bbox 888 1783 953 1829; x_wconf 90' lang='lat' dir='ltr'>non</span> <span class='ocrx_word' id='word_1_75' title='bbox 976 1766 1083 1832; x_wconf 87' lang='lat' dir='ltr'>imme·</span> 
     </span>
     <span class='ocr_line' id='line_1_13' title="bbox 149 1881 1082 1966; baseline 0.003 -20"><span class='ocrx_word' id='word_1_76' title='bbox 149 1881 210 1947; x_wconf 90' lang='lat' dir='ltr'>tito</span> <span class='ocrx_word' id='word_1_77' title='bbox 235 1881 335 1966; x_wconf 86' lang='lat' dir='ltr'>carpit</span> <span class='ocrx_word' id='word_1_78' title='bbox 354 1882 567 1960; x_wconf 89' lang='lat' dir='ltr'>Aristoteles,</span> <span class='ocrx_word' id='word_1_79' title='bbox 589 1881 724 1961; x_wconf 79' lang='lat' dir='ltr'>poiseos</span> <span class='ocrx_word' id='word_1_80' title='bbox 743 1881 839 1963; x_wconf 83' lang='lat' dir='ltr'>magis</span> <span class='ocrx_word' id='word_1_81' title='bbox 860 1881 1082 1949; x_wconf 87' lang='lat' dir='ltr'>sublimitatem</span> 
     </span>
     <span class='ocr_line' id='line_1_14' title="bbox 147 1996 1085 2081; baseline 0.004 -20"><span class='ocrx_word' id='word_1_82' title='bbox 147 2012 368 2078; x_wconf 85' lang='lat' dir='ltr'>consectatus,</span> <span class='ocrx_word' id='word_1_83' title='bbox 392 2017 483 2080; x_wconf 90' lang='lat' dir='ltr'>quarn</span> <span class='ocrx_word' id='word_1_84' title='bbox 516 1996 717 2063; x_wconf 79' lang='lat' dir='ltr'>subtilitatem</span> <span class='ocrx_word' id='word_1_85' title='bbox 740 1998 962 2081; x_wconf 79' lang='lat' dir='ltr'>philosophiae</span> <span class='ocrx_word' id='word_1_86' title='bbox 992 2016 1085 2066; x_wconf 84' lang='lat' dir='ltr'>secu·</span> 
     </span>
    </p>
   </div>
   <div class='ocr_carea' id='block_1_3' title="bbox 45 2111 1085 2199">
    <p class='ocr_par' dir='ltr' id='par_1_3' title="bbox 45 2111 1085 2199">
     <span class='ocr_line' id='line_1_15' title="bbox 45 2111 1085 2199; baseline 0.004 -23"><span class='ocrx_word' id='word_1_87' title='bbox 45 2120 54 2145; x_wconf 88' lang='lat'>&#39;</span> <span class='ocrx_word' id='word_1_88' title='bbox 149 2126 203 2182; x_wconf 88' lang='lat' dir='ltr'>tus</span> <span class='ocrx_word' id='word_1_89' title='bbox 231 2127 280 2179; x_wconf 88' lang='lat' dir='ltr'>est</span> <span class='ocrx_word' id='word_1_90' title='bbox 302 2111 347 2177; x_wconf 70' lang='lat'>(¹³.</span> <span class='ocrx_word' id='word_1_91' title='bbox 391 2113 510 2178; x_wconf 89' lang='lat' dir='ltr'>Verum</span> <span class='ocrx_word' id='word_1_92' title='bbox 550 2113 628 2178; x_wconf 90' lang='lat' dir='ltr'>idem</span> <span class='ocrx_word' id='word_1_93' title='bbox 660 2113 760 2179; x_wconf 91' lang='lat' dir='ltr'>hocce</span> <span class='ocrx_word' id='word_1_94' title='bbox 788 2129 853 2180; x_wconf 91' lang='lat' dir='ltr'>turn</span> <span class='ocrx_word' id='word_1_95' title='bbox 887 2116 1010 2180; x_wconf 89' lang='lat' dir='ltr'>demum</span> <span class='ocrx_word' id='word_1_96' title='bbox 1034 2116 1085 2199; x_wconf 88' lang='lat' dir='ltr'>ju·</span> 
     </span>
    </p>
   </div>
   <div class='ocr_carea' id='block_1_4' title="bbox 127 2229 1084 2779">
    <p class='ocr_par' dir='ltr' id='par_1_4' title="bbox 127 2229 1084 2779">
     <span class='ocr_line' id='line_1_16' title="bbox 149 2229 1084 2312; baseline -0.001 -17"><span class='ocrx_word' id='word_1_97' title='bbox 149 2248 184 2297; x_wconf 90' lang='lat' dir='ltr'>re</span> <span class='ocrx_word' id='word_1_98' title='bbox 211 2230 398 2312; x_wconf 87' lang='lat' dir='ltr'>carpendum</span> <span class='ocrx_word' id='word_1_99' title='bbox 430 2229 588 2305; x_wconf 88' lang='lat' dir='ltr'>nobisque</span> <span class='ocrx_word' id='word_1_100' title='bbox 619 2232 789 2295; x_wconf 81' lang='lat' dir='ltr'>cavendum</span> <span class='ocrx_word' id='word_1_101' title='bbox 818 2245 923 2309; x_wconf 89' lang='lat' dir='ltr'>esset,</span> <span class='ocrx_word' id='word_1_102' title='bbox 955 2231 981 2295; x_wconf 92' lang='lat' dir='ltr'>si</span> <span class='ocrx_word' id='word_1_103' title='bbox 1013 2231 1084 2312; x_wconf 90' lang='lat' dir='ltr'>qui·</span> 
     </span>
     <span class='ocr_line' id='line_1_17' title="bbox 148 2340 1084 2428; baseline -0.002 -16"><span class='ocrx_word' id='word_1_104' title='bbox 148 2345 218 2412; x_wconf 90' lang='lat' dir='ltr'>dem</span> <span class='ocrx_word' id='word_1_105' title='bbox 251 2342 374 2428; x_wconf 69' lang='lat' dir='ltr'>poetica</span> <span class='ocrx_word' id='word_1_106' title='bbox 401 2340 476 2422; x_wconf 87' lang='lat' dir='ltr'>illa,</span> <span class='ocrx_word' id='word_1_107' title='bbox 500 2358 535 2406; x_wconf 94' lang='lat' dir='ltr'>ut</span> <span class='ocrx_word' id='word_1_108' title='bbox 559 2340 635 2407; x_wconf 88' lang='lat' dir='ltr'>secit</span> <span class='ocrx_word' id='word_1_109' title='bbox 665 2344 876 2422; x_wconf 86' lang='lat' dir='ltr'>Aristotcles,</span> <span class='ocrx_word' id='word_1_110' title='bbox 899 2349 936 2410; x_wconf 90' lang='lat' dir='ltr'>ad</span> <span class='ocrx_word' id='word_1_111' title='bbox 955 2347 1084 2410; x_wconf 87' lang='lat' dir='ltr'>demon·</span> 
     </span>
     <span class='ocr_line' id='line_1_18' title="bbox 148 2457 1083 2543; baseline -0.002 -14"><span class='ocrx_word' id='word_1_112' title='bbox 148 2460 309 2529; x_wconf 84' lang='lat' dir='ltr'>strationis</span> <span class='ocrx_word' id='word_1_113' title='bbox 332 2458 563 2524; x_wconf 84' lang='lat' dir='ltr'>mathematicae</span> <span class='ocrx_word' id='word_1_114' title='bbox 592 2459 676 2542; x_wconf 86' lang='lat' dir='ltr'>leges</span> <span class='ocrx_word' id='word_1_115' title='bbox 706 2457 922 2543; x_wconf 72' lang='lat' dir='ltr'>adstringentis</span> <span class='ocrx_word' id='word_1_116' title='bbox 942 2473 974 2524; x_wconf 90' lang='lat' dir='ltr'>et</span> <span class='ocrx_word' id='word_1_117' title='bbox 999 2459 1083 2527; x_wconf 91' lang='lat' dir='ltr'>hunc</span> 
     </span>
     <span class='ocr_line' id='line_1_19' title="bbox 148 2573 1082 2659; baseline -0.001 -13"><span class='ocrx_word' id='word_1_118' title='bbox 148 2579 182 2646; x_wconf 92' lang='lat' dir='ltr'>in</span> <span class='ocrx_word' id='word_1_119' title='bbox 210 2577 336 2643; x_wconf 88' lang='lat' dir='ltr'>modum</span> <span class='ocrx_word' id='word_1_120' title='bbox 368 2575 596 2659; x_wconf 86' lang='lat' dir='ltr'>interpretanda</span> <span class='ocrx_word' id='word_1_121' title='bbox 624 2573 816 2642; x_wconf 88' lang='lat' dir='ltr'>viderentur.</span> <span class='ocrx_word' id='word_1_122' title='bbox 859 2575 976 2642; x_wconf 88' lang='lat' dir='ltr'>Noluit</span> <span class='ocrx_word' id='word_1_123' title='bbox 1005 2578 1082 2645; x_wconf 92' lang='lat' dir='ltr'>illud</span> 
     </span>
     <span class='ocr_line' id='line_1_20' title="bbox 127 2687 1083 2779; baseline -0.002 -17"><span class='ocrx_word' id='word_1_124' title='bbox 127 2695 315 2778; x_wconf 83' lang='lat' dir='ltr'>&#39;vetuitque</span> <span class='ocrx_word' id='word_1_125' title='bbox 347 2693 416 2776; x_wconf 90' lang='lat' dir='ltr'>ipse</span> <span class='ocrx_word' id='word_1_126' title='bbox 442 2692 679 2778; x_wconf 87' lang='lat' dir='ltr'>philosophus,</span> <span class='ocrx_word' id='word_1_127' title='bbox 723 2687 852 2775; x_wconf 82' lang='lat' dir='ltr'>quippe</span> <span class='ocrx_word' id='word_1_128' title='bbox 869 2694 925 2775; x_wconf 90' lang='lat' dir='ltr'>qui</span> <span class='ocrx_word' id='word_1_129' title='bbox 958 2697 1083 2779; x_wconf 86' lang='lat' dir='ltr'>quoties</span> 
     </span>
    </p>
   </div>
   <div class='ocr_carea' id='block_1_5' title="bbox 53 2809 1083 2882">
    <p class='ocr_par' dir='ltr' id='par_1_5' title="bbox 53 2809 1083 2882">
     <span class='ocr_line' id='line_1_21' title="bbox 53 2809 1083 2882; baseline -0.001 -1"><span class='ocrx_word' id='word_1_130' title='bbox 53 2810 75 2875; x_wconf 82' lang='grc'>’.</span> <span class='ocrx_word' id='word_1_131' title='bbox 149 2812 308 2882; x_wconf 86' lang='lat' dir='ltr'>derebus</span> <span class='ocrx_word' id='word_1_132' title='bbox 339 2809 427 2876; x_wconf 89' lang='lat' dir='ltr'>hisce</span> <span class='ocrx_word' id='word_1_133' title='bbox 464 2810 653 2876; x_wconf 89' lang='lat' dir='ltr'>sublimibus</span> <span class='ocrx_word' id='word_1_134' title='bbox 692 2825 724 2875; x_wconf 87' lang='lat' dir='ltr'>et</span> <span class='ocrx_word' id='word_1_135' title='bbox 756 2810 870 2876; x_wconf 90' lang='lat' dir='ltr'>divinis</span> <span class='ocrx_word' id='word_1_136' title='bbox 898 2829 963 2879; x_wconf 89' lang='lat' dir='ltr'>erat</span> <span class='ocrx_word' id='word_1_137' title='bbox 996 2829 1083 2880; x_wconf 85' lang='lat' dir='ltr'>actu·</span> 
     </span>
    </p>
   </div>
   <div class='ocr_carea' id='block_1_6' title="bbox 41 2927 1084 4068">
    <p class='ocr_par' dir='ltr' id='par_1_6' title="bbox 148 2927 1084 3591">
     <span class='ocr_line' id='line_1_22' title="bbox 149 2927 1082 3013; baseline -0.003 -15"><span class='ocrx_word' id='word_1_138' title='bbox 149 2951 225 3012; x_wconf 82' lang='lat' dir='ltr'>rus,</span> <span class='ocrx_word' id='word_1_139' title='bbox 247 2929 405 2996; x_wconf 89' lang='lat' dir='ltr'>auditores</span> <span class='ocrx_word' id='word_1_140' title='bbox 430 2927 593 3006; x_wconf 87' lang='lat' dir='ltr'>monebat,</span> <span class='ocrx_word' id='word_1_141' title='bbox 616 2943 651 2991; x_wconf 93' lang='lat' dir='ltr'>ut</span> <span class='ocrx_word' id='word_1_142' title='bbox 674 2943 854 3009; x_wconf 86' lang='lat' dir='ltr'>reputarent</span> <span class='ocrx_word' id='word_1_143' title='bbox 880 2942 1002 2997; x_wconf 87' lang='lat' dir='ltr'>etcum</span> <span class='ocrx_word' id='word_1_144' title='bbox 1027 2933 1082 3013; x_wconf 93' lang='lat' dir='ltr'>qui</span> 
     </span>
     <span class='ocr_line' id='line_1_23' title="bbox 148 3033 1080 3128; baseline -0.013 -9"><span class='ocrx_word' id='word_1_145' title='bbox 148 3051 265 3119; x_wconf 86' lang='lat' dir='ltr'>diceret</span> <span class='ocrx_word' id='word_1_146' title='bbox 282 3035 327 3113; x_wconf 51' lang='lat' dir='ltr'>&#39;et</span> <span class='ocrx_word' id='word_1_147' title='bbox 354 3033 444 3128; x_wconf 91' lang='lat' dir='ltr'>ipsos</span> <span class='ocrx_word' id='word_1_148' title='bbox 470 3041 525 3126; x_wconf 91' lang='lat' dir='ltr'>qui</span> <span class='ocrx_word' id='word_1_149' title='bbox 555 3043 718 3124; x_wconf 84' lang='lat' dir='ltr'>audirent,</span> <span class='ocrx_word' id='word_1_150' title='bbox 752 3044 897 3108; x_wconf 89' lang='lat' dir='ltr'>mortales</span> <span class='ocrx_word' id='word_1_151' title='bbox 927 3062 997 3110; x_wconf 90' lang='lat' dir='ltr'>csse</span> <span class='ocrx_word' id='word_1_152' title='bbox 1028 3048 1080 3114; x_wconf 57' lang='grc' dir='ltr'>(ῦς</span> 
     </span>
     <span class='ocr_line' id='line_1_24' title="bbox 148 3160 1082 3245; baseline -0.022 -11"><span class='ocrx_word' id='word_1_153' title='bbox 148 3165 310 3236; x_wconf 89' lang='lat' dir='ltr'>scientiam</span> <span class='ocrx_word' id='word_1_154' title='bbox 337 3162 445 3227; x_wconf 88' lang='lat' dir='ltr'>harum</span> <span class='ocrx_word' id='word_1_155' title='bbox 473 3177 573 3224; x_wconf 88' lang='lat' dir='ltr'>rerum</span> <span class='ocrx_word' id='word_1_156' title='bbox 606 3160 677 3224; x_wconf 88' lang='lat' dir='ltr'>Deo</span> <span class='ocrx_word' id='word_1_157' title='bbox 708 3177 778 3224; x_wconf 89' lang='lat' dir='ltr'>esse</span> <span class='ocrx_word' id='word_1_158' title='bbox 810 3160 988 3245; x_wconf 88' lang='lat' dir='ltr'>propriam,</span> <span class='ocrx_word' id='word_1_159' title='bbox 1024 3163 1082 3228; x_wconf 86' lang='lat' dir='ltr'>ho.</span> 
     </span>
     <span class='ocr_line' id='line_1_25' title="bbox 149 3270 1084 3359; baseline -0.014 -4"><span class='ocrx_word' id='word_1_160' title='bbox 149 3270 244 3356; x_wconf 87' lang='lat' dir='ltr'>minis</span> <span class='ocrx_word' id='word_1_161' title='bbox 275 3300 352 3350; x_wconf 90' lang='lat' dir='ltr'>vero</span> <span class='ocrx_word' id='word_1_162' title='bbox 380 3297 450 3345; x_wconf 90' lang='lat' dir='ltr'>esse</span> <span class='ocrx_word' id='word_1_163' title='bbox 469 3275 627 3359; x_wconf 90' lang='lat' dir='ltr'>inquirere</span> <span class='ocrx_word' id='word_1_164' title='bbox 653 3275 903 3356; x_wconf 87' lang='lat' dir='ltr'>inquirendoque</span> <span class='ocrx_word' id='word_1_165' title='bbox 925 3274 963 3340; x_wconf 88' lang='lat' dir='ltr'>ad</span> <span class='ocrx_word' id='word_1_166' title='bbox 984 3276 1084 3343; x_wconf 89' lang='lat' dir='ltr'>scien-</span> 
     </span>
     <span class='ocr_line' id='line_1_26' title="bbox 150 3390 1080 3484; baseline -0.012 -14"><span class='ocrx_word' id='word_1_167' title='bbox 150 3402 249 3483; x_wconf 86' lang='lat' dir='ltr'>tiam,</span> <span class='ocrx_word' id='word_1_168' title='bbox 288 3398 394 3484; x_wconf 91' lang='lat' dir='ltr'>quoad</span> <span class='ocrx_word' id='word_1_169' title='bbox 417 3396 485 3478; x_wconf 88' lang='lat' dir='ltr'>ejus</span> <span class='ocrx_word' id='word_1_170' title='bbox 516 3391 580 3457; x_wconf 87' lang='lat' dir='ltr'>lieri</span> <span class='ocrx_word' id='word_1_171' title='bbox 611 3391 736 3473; x_wconf 88' lang='lat' dir='ltr'>possit,</span> <span class='ocrx_word' id='word_1_172' title='bbox 766 3390 932 3456; x_wconf 84' lang='lat' dir='ltr'>accedere:</span> <span class='ocrx_word' id='word_1_173' title='bbox 977 3392 1080 3460; x_wconf 90' lang='lat' dir='ltr'>Deum</span> 
     </span>
     <span class='ocr_line' id='line_1_27' title="bbox 150 3508 1082 3591; baseline -0.009 -8"><span class='ocrx_word' id='word_1_174' title='bbox 150 3516 280 3583; x_wconf 87' lang='lat' dir='ltr'>nouisse</span> <span class='ocrx_word' id='word_1_175' title='bbox 310 3513 447 3591; x_wconf 89' lang='lat' dir='ltr'>iccirco,</span> <span class='ocrx_word' id='word_1_176' title='bbox 477 3529 576 3588; x_wconf 89' lang='lat' dir='ltr'>num,</span> <span class='ocrx_word' id='word_1_177' title='bbox 609 3526 687 3590; x_wconf 92' lang='lat' dir='ltr'>quae</span> <span class='ocrx_word' id='word_1_178' title='bbox 709 3522 791 3572; x_wconf 87' lang='lat' dir='ltr'>esset</span> <span class='ocrx_word' id='word_1_179' title='bbox 812 3508 976 3589; x_wconf 86' lang='lat' dir='ltr'>dicturus,</span> <span class='ocrx_word' id='word_1_180' title='bbox 1009 3530 1082 3577; x_wconf 88' lang='lat' dir='ltr'>vera</span> 
     </span>
    </p>

    <p class='ocr_par' dir='ltr' id='par_1_7' title="bbox 41 3624 1082 4068">
     <span class='ocr_line' id='line_1_28' title="bbox 152 3624 1081 3712; baseline -0.019 -13"><span class='ocrx_word' id='word_1_181' title='bbox 152 3642 281 3712; x_wconf 83' lang='lat' dir='ltr'>essent,</span> <span class='ocrx_word' id='word_1_182' title='bbox 304 3646 342 3695; x_wconf 88' lang='lat' dir='ltr'>se</span> <span class='ocrx_word' id='word_1_183' title='bbox 366 3643 467 3703; x_wconf 90' lang='lat' dir='ltr'>vero,</span> <span class='ocrx_word' id='word_1_184' title='bbox 490 3645 568 3707; x_wconf 85' lang='lat' dir='ltr'>quae</span> <span class='ocrx_word' id='word_1_185' title='bbox 590 3625 652 3711; x_wconf 90' lang='lat' dir='ltr'>ipsi</span> <span class='ocrx_word' id='word_1_186' title='bbox 686 3624 862 3690; x_wconf 85' lang='lat' dir='ltr'>viderentur·</span> <span class='ocrx_word' id='word_1_187' title='bbox 891 3644 985 3707; x_wconf 88' lang='lat' dir='ltr'>vera,</span> <span class='ocrx_word' id='word_1_188' title='bbox 1009 3648 1081 3711; x_wconf 87' lang='lat' dir='ltr'>pro.</span> 
     </span>
     <span class='ocr_line' id='line_1_29' title="bbox 41 3720 1082 3827; baseline -0.018 5"><span class='ocrx_word' id='word_1_189' title='bbox 41 3720 46 3729; x_wconf 21' lang='grc' dir='ltr'>ἱ</span> <span class='ocrx_word' id='word_1_190' title='bbox 964 3822 967 3827; x_wconf 47' lang='grc'>,</span> <span class='ocrx_word' id='word_1_191' title='bbox 1038 3750 1082 3813; x_wconf 87' lang='lat' dir='ltr'>la·</span> 
     </span>
     <span class='ocr_line' id='line_1_30' title="bbox 155 3888 1081 3969; baseline -0.014 -16"><span class='ocrx_word' id='word_1_192' title='bbox 155 3922 164 3933; x_wconf 85' lang='lat'>·</span> <span class='ocrx_word' id='word_1_193' title='bbox 188 3898 228 3969; x_wconf 78' lang='lat' dir='ltr'>(t)</span> <span class='ocrx_word' id='word_1_194' title='bbox 249 3894 391 3952; x_wconf 70' lang='lat' dir='ltr'>Arisbam.</span> <span class='ocrx_word' id='word_1_195' title='bbox 407 3892 528 3960; x_wconf 80' lang='lat' dir='ltr'>Mstnph.</span> <span class='ocrx_word' id='word_1_196' title='bbox 547 3891 571 3942; x_wconf 82' lang='grc' dir='ltr'>Ι.</span> <span class='ocrx_word' id='word_1_197' title='bbox 588 3909 615 3958; x_wconf 83' lang='lat' dir='ltr'>p.</span> <span class='ocrx_word' id='word_1_198' title='bbox 634 3891 676 3942; x_wconf 78' lang='lat'>23.</span> <span class='ocrx_word' id='word_1_199' title='bbox 703 3888 822 3941; x_wconf 76' lang='lat' dir='ltr'>dardeis</span> <span class='ocrx_word' id='word_1_200' title='bbox 840 3888 975 3942; x_wconf 80' lang='lat' dir='ltr'>Platonis:</span> <span class='ocrx_word' id='word_1_201' title='bbox 1004 3910 1081 3948; x_wconf 70' lang='lat' dir='ltr'>nevo..</span> 
     </span>
     <span class='ocr_line' id='line_1_31' title="bbox 152 3987 1078 4068; baseline -0.016 -12"><span class='ocrx_word' id='word_1_202' title='bbox 152 3996 254 4068; x_wconf 65' lang='lat' dir='ltr'>napata</span> <span class='ocrx_word' id='word_1_203' title='bbox 265 3992 309 4063; x_wconf 74' lang='grc' dir='ltr'>ὶςι</span> <span class='ocrx_word' id='word_1_204' title='bbox 321 3995 370 4052; x_wconf 72' lang='lat' dir='ltr'>nai</span> <span class='ocrx_word' id='word_1_205' title='bbox 381 3989 548 4064; x_wconf 66' lang='grc' dir='ltr'><strong><em>μεταφορᾶς</em></strong></span> <span class='ocrx_word' id='word_1_206' title='bbox 560 3987 659 4059; x_wconf 74' lang='grc' dir='ltr'><strong><em>λέγειν</em></strong></span> <span class='ocrx_word' id='word_1_207' title='bbox 671 3988 830 4055; x_wconf 69' lang='grc' dir='ltr'>ποιητικός.</span> <span class='ocrx_word' id='word_1_208' title='bbox 857 3989 899 4060; x_wconf 80' lang='lat' dir='ltr'>(a)</span> <span class='ocrx_word' id='word_1_209' title='bbox 912 3988 985 4049; x_wconf 83' lang='lat' dir='ltr'>Tim.</span> <span class='ocrx_word' id='word_1_210' title='bbox 995 4008 1036 4063; x_wconf 85' lang='lat'>²9·</span> <span class='ocrx_word' id='word_1_211' title='bbox 1046 3990 1078 4043; x_wconf 83' lang='lat' dir='ltr'>C.</span> 
     </span>
    </p>
   </div>
   <div class='ocr_carea' id='block_1_7' title="bbox 0 0 1461 5168">
    <p class='ocr_par' dir='ltr' id='par_1_8' title="bbox 0 0 1461 5168">
     <span class='ocr_line' id='line_1_32' title="bbox 0 0 1461 5168; baseline 0 0"><span class='ocrx_word' id='word_1_212' title='bbox 0 0 1461 5168; x_wconf 95' lang='lat' dir='ltr'> </span> 
     </span>
    </p>
   </div>
  </div>
 </body>
</html>
