2896 5168
625 499 800 562 ..70-

187 678 190 683 '
249 672 281 735 oi
309 668 472 747 Φαίνεται,
500 660 516 732 ὃ
548 663 586 731 ἂν
611 665 720 745 κοντὸν
740 663 758 746 ᾗ
780 668 887 744 σῶμα,
917 665 1003 730 τοῦτο
1023 669 1061 743 τῇ
1081 663 1174 729 αὐτοῦ

249 784 339 864 ἐρατῇ
359 783 464 863 ψυχὴν
487 781 604 859 ἀγαθὴν
624 789 738 859 ποιεῖν,
767 781 854 848 ἄλλα
879 777 1063 853 τούναντίον,
1085 779 1176 861 ψυχὴ

249 900 350 981 ἀγαθὴ
368 908 406 980 τῦ
426 901 520 972 αὐτῆς
547 899 637 979 οἱοοτῑν
658 902 746 976 σῶμα
765 895 908 978 παρέχεον
934 897 972 968 ὡς
993 894 1083 962 οἷόντε
1101 894 1177 974 βέλ-

250 1024 341 1085 τοςον·
368 1011 445 1075 mihi
476 1013 555 1074 enim
587 1029 647 1072 non
678 1007 803 1074 uidetur
830 1005 913 1092 quod
940 1006 1013 1071 bene
1036 1028 1067 1073 se
1088 1005 1179 1072 habet

249 1145 379 1213 corpus,
401 1127 456 1192 hoc
474 1125 535 1191 sud
553 1127 672 1190 νὶνονοο
692 1127 829 1187 animum
850 1124 963 1208 efficere
978 1120 1106 1202 bonum,
1128 1119 1183 1188 sed

252 1259 387 1321 contra,
409 1241 501 1306 bonus
520 1244 643 1306 animus
664 1261 721 1304 sua
737 1241 1062 1326 ἱροονίνοαοοοονρνν,
1079 1235 1184 1323 quoad

254 1357 319 1437 αάο
333 1353 410 1437 ficri
425 1370 543 1441 potest,
573 1357 719 1442 optineam
740 1352 856 1420 reddit.
900 1353 978 1419 Tibi
1004 1373 1077 1420 vero
1103 1353 1181 1436 quid

248 1470 405 1537 uidetur?
432 1471 585 1537 -Idem
614 1487 687 1535 saue
714 1488 750 1536 ac
780 1470 851 1536 tibi.
876 1468 917 1539 (¹)
939 1471 1091 1553 -Ergo
1123 1471 1184 1535 rite

258 1607 330 1653 cum
352 1587 471 1654 musici
492 1587 688 1669 temperanda
713 1586 903 1669 gymnastico
923 1587 1005 1668 erit,
1031 1605 1088 1652 uec
1107 1604 1183 1651 vero

259 1707 303 1771 im
335 1703 594 1784 existimandum,
622 1716 658 1769 ut
682 1704 776 1786 vulgo
796 1703 996 1783 existimant,
1029 1703 1119 1785 quasi
1142 1704 1188 1769 el·

260 1834 326 1886 tera
344 1820 450 1885 herum
473 1820 584 1885 artium
606 1837 748 1901 corpus,
781 1821 873 1902 alteru
905 1818 1040 1885 animum
1070 1820 1188 1884 solum·

263 1937 357 2000 modo
385 1947 519 2016 spectet.
572 1935 708 2013 Videtuq
736 1950 867 2017 utroque
893 1936 986 2001 animi
1016 1935 1049 2000 in
1081 1935 1190 2016 primis

263 2053 373 2114 caussd
405 2048 558 2113 tractanda
578 2057 668 2116 esse:
681 2089 724 2103 -
745 2052 820 2137 Quo
846 2052 964 2135 pecto?
986 2089 1029 2104 -
1049 2054 1101 2117 An
1125 2069 1190 2116 non

266 2170 373 2251 vides,
414 2189 475 2251 quo
506 2167 569 2232 sint
598 2168 710 2233 mentis
741 2169 943 2246 conditione,
978 2170 1033 2250 qui
1064 2169 1190 2232 multam

267 2304 323 2368 per
359 2299 454 2350 totam
495 2283 587 2349 vitem
619 2285 828 2367 gymnasticae
863 2303 988 2367 operam
1019 2284 1191 2364 dederuut,

268 2401 384 2467 nullam
414 2417 488 2465 vero
522 2400 677 2480 musicae,
705 2415 771 2466 tum
796 2400 885 2466 etiam
909 2400 982 2479 illi,
1012 2401 1067 2484 qui
1081 2416 1192 2468 contra

268 2513 432 2580 fecerunt?
454 2514 588 2599 —Qua
615 2515 654 2579 de
683 2532 717 2579 re
745 2514 847 2580 dicis?
867 2551 912 2569 -
933 2516 981 2581 De
1010 2515 1079 2579 rudi
1105 2515 1196 2581 dura·

273 2650 335 2712 que
354 2648 461 2696 eorum
482 2630 709 2696 conditionem
724 2632 762 2698 de
781 2645 970 2696 caeterorum
990 2631 1130 2696 mollitie.
1149 2666 1195 2684 -·

273 2743 361 2810 Novi
380 2743 548 2826 equidem,
571 2762 647 2825 eos,
669 2744 724 2827 qui
743 2747 810 2811 soli
831 2761 961 2811 utuntur
980 2745 1195 2829 gymnastici,

273 2861 480 2944 agrestiores,
510 2861 564 2944 qui
584 2875 687 2927 autem
710 2867 770 2928 uui
788 2863 935 2929 duntaxat
953 2862 1091 2942 musici,
1119 2862 1200 2928 mol·

274 2979 388 3059 liores,
418 2996 509 3060 quam
541 2979 652 3058 decet,
684 2978 760 3052 fieri.
781 2979 947 3062 -Atqui
974 2980 1118 3047 iracundi
1147 2979 1199 3049 ille

277 3110 404 3161 naturae
419 3094 467 3160 vis
492 3091 682 3160 ferocitatem
701 3096 828 3179 gignet:
854 3115 931 3178 quse
954 3111 1037 3162 recte
1053 3099 1219 3180 exculte„

277 3213 371 3279 fortis
392 3212 456 3293 sit,
479 3211 570 3276 nimis
590 3229 690 3279 autem
711 3216 850 3293 intensa,
872 3211 961 3279 ferox
980 3227 1012 3279 et
1033 3214 1109 3280 dure
1128 3230 1202 3281 evu-

279 3332 342 3396 dot.
364 3369 407 3383 -
428 3329 479 3397 Sic
509 3328 586 3394 mihi
608 3330 742 3396 videtur.
765 3327 916 3416 -Quid
938 3331 1042 3398 vero?
1063 3348 1204 3398 mensue-

279 3445 417 3512 tudinem
436 3464 501 3511 non
524 3447 629 3513 hebeat
650 3445 838 3528 philosopha
857 3444 949 3513 animi
969 3449 1101 3514 naturai
1122 3464 1204 3530 quie

280 3562 372 3627 nimis
404 3563 552 3643 remissa,
582 3561 728 3641 mollior,
761 3581 851 3643 quam
878 3566 989 3644 decet,
1010 3563 1091 3645 erit,
1120 3578 1205 3633 recte

281 3696 383 3745 autem
410 3682 554 3757 exculta,
587 3692 745 3744 mansueta
773 3698 808 3744 ac
838 3681 1001 3748 modeste?
1022 3717 1068 3732 -
1089 3683 1147 3748 Est
1169 3696 1205 3748 ut

284 3795 375 3861 dicis.
405 3829 451 3847 ·-
480 3795 668 3860 Dicebamus
706 3810 831 3879 autem,
867 3797 1054 3866 custodibus
1088 3801 1207 3894 nostris

1093 3929 1208 3981 iliram·

323 4057 364 4125 (ι)
376 4059 419 4109 oe
433 4059 506 4126 Reli·
523 4055 583 4110 40³.
601 4058 638 4110 u.
