<?xml version="1.0" encoding="UTF-8"?>
<!DOCTYPE html PUBLIC "-//W3C//DTD XHTML 1.0 Transitional//EN"
    "http://www.w3.org/TR/xhtml1/DTD/xhtml1-transitional.dtd">
<html xmlns="http://www.w3.org/1999/xhtml" xml:lang="en" lang="en">
 <head>
  <title>
</title>
<meta http-equiv="Content-Type" content="text/html;charset=utf-8" />
  <meta name='ocr-system' content='tesseract 3.04.00' />
  <meta name='ocr-capabilities' content='ocr_page ocr_carea ocr_par ocr_line ocrx_word'/>
</head>
<body>
  <div class='ocr_page' id='page_1' title='image "./initiaphilosoph04heusgoog_0219.png"; bbox 0 0 2896 5168; ppageno 0'>
   <div class='ocr_carea' id='block_1_1' title="bbox 779 453 973 514">
    <p class='ocr_par' dir='ltr' id='par_1_1' title="bbox 779 453 973 514">
     <span class='ocr_line' id='line_1_1' title="bbox 779 453 973 514; baseline -0.01 -27"><span class='ocrx_word' id='word_1_1' title='bbox 779 453 973 514; x_wconf 64' lang='lat'>..214-</span> 
     </span>
    </p>
   </div>
   <div class='ocr_carea' id='block_1_2' title="bbox 379 614 1431 3747">
    <p class='ocr_par' dir='ltr' id='par_1_2' title="bbox 379 614 1431 3747">
     <span class='ocr_line' id='line_1_2' title="bbox 409 614 1347 699; baseline 0.004 -20"><span class='ocrx_word' id='word_1_2' title='bbox 409 635 483 680; x_wconf 80' lang='lat' dir='ltr'>cete</span> <span class='ocrx_word' id='word_1_3' title='bbox 500 616 699 682; x_wconf 81' lang='lat' dir='ltr'>sermonibus</span> <span class='ocrx_word' id='word_1_4' title='bbox 718 615 913 699; x_wconf 84' lang='lat' dir='ltr'>intelligitur.</span> <span class='ocrx_word' id='word_1_5' title='bbox 964 614 1216 681; x_wconf 82' lang='lat' dir='ltr'>Animaduertere</span> <span class='ocrx_word' id='word_1_6' title='bbox 1236 615 1270 682; x_wconf 91' lang='lat' dir='ltr'>id</span> <span class='ocrx_word' id='word_1_7' title='bbox 1289 618 1347 683; x_wconf 88' lang='lat' dir='ltr'>de-</span> 
     </span>
     <span class='ocr_line' id='line_1_3' title="bbox 409 727 1345 815; baseline 0.004 -21"><span class='ocrx_word' id='word_1_8' title='bbox 409 729 544 798; x_wconf 84' lang='lat' dir='ltr'>buerant</span> <span class='ocrx_word' id='word_1_9' title='bbox 562 731 770 815; x_wconf 85' lang='lat' dir='ltr'><strong>philosophi,</strong></span> <span class='ocrx_word' id='word_1_10' title='bbox 806 733 884 814; x_wconf 87' lang='lat' dir='ltr'>qni,</span> <span class='ocrx_word' id='word_1_11' title='bbox 916 731 1059 812; x_wconf 86' lang='lat' dir='ltr'>quamvis</span> <span class='ocrx_word' id='word_1_12' title='bbox 1085 751 1123 796; x_wconf 84' lang='lat' dir='ltr'>ex</span> <span class='ocrx_word' id='word_1_13' title='bbox 1143 727 1213 814; x_wconf 64' lang='lat' dir='ltr'>ipsi</span> <span class='ocrx_word' id='word_1_14' title='bbox 1234 734 1345 815; x_wconf 88' lang='lat' dir='ltr'>philo-</span> 
     </span>
     <span class='ocr_line' id='line_1_4' title="bbox 408 847 1344 936; baseline 0.006 -25"><span class='ocrx_word' id='word_1_15' title='bbox 408 851 505 931; x_wconf 87' lang='lat' dir='ltr'>sophi</span> <span class='ocrx_word' id='word_1_16' title='bbox 525 851 634 916; x_wconf 74' lang='lat' dir='ltr'>scholi</span> <span class='ocrx_word' id='word_1_17' title='bbox 663 847 820 934; x_wconf 87' lang='lat' dir='ltr'>profecti,</span> <span class='ocrx_word' id='word_1_18' title='bbox 843 864 947 915; x_wconf 76' lang='lat' dir='ltr'>nmen</span> <span class='ocrx_word' id='word_1_19' title='bbox 975 868 1033 915; x_wconf 84' lang='lat' dir='ltr'>nec</span> <span class='ocrx_word' id='word_1_20' title='bbox 1061 849 1241 931; x_wconf 84' lang='lat' dir='ltr'>disciplinas</span> <span class='ocrx_word' id='word_1_21' title='bbox 1269 871 1344 936; x_wconf 79' lang='lat' dir='ltr'>gra·</span> 
     </span>
     <span class='ocr_line' id='line_1_5' title="bbox 407 967 1343 1050; baseline 0.004 -21"><span class='ocrx_word' id='word_1_22' title='bbox 407 968 533 1048; x_wconf 81' lang='lat' dir='ltr'>viores,</span> <span class='ocrx_word' id='word_1_23' title='bbox 554 987 636 1050; x_wconf 88' lang='lat' dir='ltr'>quae</span> <span class='ocrx_word' id='word_1_24' title='bbox 656 968 694 1032; x_wconf 90' lang='lat' dir='ltr'>ad</span> <span class='ocrx_word' id='word_1_25' title='bbox 713 967 872 1032; x_wconf 85' lang='lat' dir='ltr'>veritatem</span> <span class='ocrx_word' id='word_1_26' title='bbox 896 967 1038 1044; x_wconf 87' lang='lat' dir='ltr'>ducunt,</span> <span class='ocrx_word' id='word_1_27' title='bbox 1059 985 1117 1031; x_wconf 87' lang='lat' dir='ltr'>noc</span> <span class='ocrx_word' id='word_1_28' title='bbox 1134 968 1269 1034; x_wconf 78' lang='lat' dir='ltr'>virtutes</span> <span class='ocrx_word' id='word_1_29' title='bbox 1284 969 1343 1033; x_wconf 90' lang='lat' dir='ltr'>ad-</span> 
     </span>
     <span class='ocr_line' id='line_1_6' title="bbox 406 1083 1345 1166; baseline 0.003 -18"><span class='ocrx_word' id='word_1_30' title='bbox 406 1101 470 1164; x_wconf 90' lang='lat' dir='ltr'>eo,</span> <span class='ocrx_word' id='word_1_31' title='bbox 493 1104 570 1166; x_wconf 92' lang='lat' dir='ltr'>quas</span> <span class='ocrx_word' id='word_1_32' title='bbox 589 1083 747 1162; x_wconf 80' lang='lat' dir='ltr'>diximus,</span> <span class='ocrx_word' id='word_1_33' title='bbox 767 1099 914 1148; x_wconf 86' lang='lat' dir='ltr'>curarunt</span> <span class='ocrx_word' id='word_1_34' title='bbox 934 1103 1140 1165; x_wconf 79' lang='lat' dir='ltr'>magnopere,</span> <span class='ocrx_word' id='word_1_35' title='bbox 1161 1103 1254 1150; x_wconf 87' lang='lat' dir='ltr'>unam</span> <span class='ocrx_word' id='word_1_36' title='bbox 1275 1086 1345 1151; x_wconf 88' lang='lat' dir='ltr'>sci·</span> 
     </span>
     <span class='ocr_line' id='line_1_7' title="bbox 404 1198 1345 1283; baseline 0.004 -17"><span class='ocrx_word' id='word_1_37' title='bbox 404 1198 502 1283; x_wconf 88' lang='lat' dir='ltr'>licet,</span> <span class='ocrx_word' id='word_1_38' title='bbox 536 1202 644 1267; x_wconf 86' lang='lat' dir='ltr'>nescio</span> <span class='ocrx_word' id='word_1_39' title='bbox 668 1221 785 1283; x_wconf 89' lang='lat' dir='ltr'>quam,</span> <span class='ocrx_word' id='word_1_40' title='bbox 815 1202 1007 1266; x_wconf 79' lang='lat' dir='ltr'>sanctitatem</span> <span class='ocrx_word' id='word_1_41' title='bbox 1029 1199 1226 1268; x_wconf 84' lang='lat' dir='ltr'>affectantes.</span> <span class='ocrx_word' id='word_1_42' title='bbox 1291 1205 1345 1270; x_wconf 81' lang='lat' dir='ltr'>De</span> 
     </span>
     <span class='ocr_line' id='line_1_8' title="bbox 406 1317 1345 1386; baseline 0.002 -1"><span class='ocrx_word' id='word_1_43' title='bbox 406 1321 560 1385; x_wconf 82' lang='lat' dir='ltr'>virtutum</span> <span class='ocrx_word' id='word_1_44' title='bbox 585 1335 688 1385; x_wconf 87' lang='lat' dir='ltr'>autem</span> <span class='ocrx_word' id='word_1_45' title='bbox 714 1338 786 1384; x_wconf 92' lang='lat' dir='ltr'>cum</span> <span class='ocrx_word' id='word_1_46' title='bbox 814 1317 895 1382; x_wconf 87' lang='lat' dir='ltr'>vitae</span> <span class='ocrx_word' id='word_1_47' title='bbox 920 1317 1083 1384; x_wconf 76' lang='lat' dir='ltr'>sanctitate</span> <span class='ocrx_word' id='word_1_48' title='bbox 1107 1320 1345 1386; x_wconf 82' lang='lat' dir='ltr'>necessitudine</span> 
     </span>
     <span class='ocr_line' id='line_1_9' title="bbox 379 1419 1344 1520; baseline 0.003 -19"><span class='ocrx_word' id='word_1_49' title='bbox 379 1419 385 1429; x_wconf 71' lang='grc'><strong>’</strong></span> <span class='ocrx_word' id='word_1_50' title='bbox 405 1437 557 1520; x_wconf 87' lang='lat' dir='ltr'>copiosus</span> <span class='ocrx_word' id='word_1_51' title='bbox 576 1435 687 1502; x_wconf 86' lang='lat' dir='ltr'>deinde</span> <span class='ocrx_word' id='word_1_52' title='bbox 707 1433 845 1501; x_wconf 88' lang='lat' dir='ltr'>Socratis</span> <span class='ocrx_word' id='word_1_53' title='bbox 871 1451 919 1499; x_wconf 88' lang='lat' dir='ltr'>est</span> <span class='ocrx_word' id='word_1_54' title='bbox 944 1453 979 1499; x_wconf 91' lang='lat' dir='ltr'>ac</span> <span class='ocrx_word' id='word_1_55' title='bbox 1006 1433 1150 1499; x_wconf 89' lang='lat' dir='ltr'>sublimis</span> <span class='ocrx_word' id='word_1_56' title='bbox 1171 1435 1206 1500; x_wconf 91' lang='lat' dir='ltr'>in</span> <span class='ocrx_word' id='word_1_57' title='bbox 1229 1437 1344 1504; x_wconf 69' lang='grc' dir='ltr'>εοάειιι</span> 
     </span>
     <span class='ocr_line' id='line_1_10' title="bbox 404 1549 1431 1639; baseline 0.001 -19"><span class='ocrx_word' id='word_1_58' title='bbox 404 1555 531 1639; x_wconf 85' lang='lat' dir='ltr'>dialogo</span> <span class='ocrx_word' id='word_1_59' title='bbox 554 1573 670 1620; x_wconf 87' lang='lat' dir='ltr'>sermo.</span> <span class='ocrx_word' id='word_1_60' title='bbox 713 1552 917 1620; x_wconf 83' lang='lat' dir='ltr'>caeterorum</span> <span class='ocrx_word' id='word_1_61' title='bbox 944 1551 1126 1630; x_wconf 91' lang='lat' dir='ltr'>hominum,</span> <span class='ocrx_word' id='word_1_62' title='bbox 1148 1551 1215 1633; x_wconf 89' lang='lat' dir='ltr'>ait,</span> <span class='ocrx_word' id='word_1_63' title='bbox 1236 1553 1264 1618; x_wconf 89' lang='lat' dir='ltr'>si</span> <span class='ocrx_word' id='word_1_64' title='bbox 1288 1572 1347 1621; x_wconf 80' lang='lat' dir='ltr'>vo·</span> <span class='ocrx_word' id='word_1_65' title='bbox 1427 1549 1431 1555; x_wconf 80' lang='grc'><strong>’</strong></span> 
     </span>
     <span class='ocr_line' id='line_1_11' title="bbox 404 1668 1346 1752; baseline 0 -14"><span class='ocrx_word' id='word_1_66' title='bbox 404 1673 446 1739; x_wconf 89' lang='lat' dir='ltr'>lis</span> <span class='ocrx_word' id='word_1_67' title='bbox 467 1671 683 1739; x_wconf 83' lang='lat' dir='ltr'>fortitudinem</span> <span class='ocrx_word' id='word_1_68' title='bbox 704 1691 740 1737; x_wconf 89' lang='lat' dir='ltr'>ac</span> <span class='ocrx_word' id='word_1_69' title='bbox 761 1668 993 1752; x_wconf 83' lang='lat' dir='ltr'>temperantiam</span> <span class='ocrx_word' id='word_1_70' title='bbox 1013 1669 1233 1750; x_wconf 84' lang='lat' dir='ltr'>considerare,</span> <span class='ocrx_word' id='word_1_71' title='bbox 1253 1669 1346 1738; x_wconf 79' lang='lat' dir='ltr'>vide-</span> 
     </span>
     <span class='ocr_line' id='line_1_12' title="bbox 406 1787 1347 1872; baseline 0.001 -17"><span class='ocrx_word' id='word_1_72' title='bbox 406 1789 494 1857; x_wconf 90' lang='lat' dir='ltr'>bitur</span> <span class='ocrx_word' id='word_1_73' title='bbox 516 1789 574 1855; x_wconf 84' lang='lat' dir='ltr'>tibi</span> <span class='ocrx_word' id='word_1_74' title='bbox 596 1788 648 1854; x_wconf 91' lang='lat' dir='ltr'>illa</span> <span class='ocrx_word' id='word_1_75' title='bbox 667 1789 802 1855; x_wconf 91' lang='lat' dir='ltr'>absurda</span> <span class='ocrx_word' id='word_1_76' title='bbox 822 1791 926 1872; x_wconf 87' lang='lat' dir='ltr'>plane.</span> <span class='ocrx_word' id='word_1_77' title='bbox 995 1787 1135 1852; x_wconf 89' lang='lat' dir='ltr'>Mortem</span> <span class='ocrx_word' id='word_1_78' title='bbox 1163 1788 1347 1856; x_wconf 83' lang='lat' dir='ltr'>existimant</span> 
     </span>
     <span class='ocr_line' id='line_1_13' title="bbox 401 1906 1348 1989; baseline -0.002 -14"><span class='ocrx_word' id='word_1_79' title='bbox 401 1928 517 1976; x_wconf 85' lang='lat' dir='ltr'>omnes</span> <span class='ocrx_word' id='word_1_80' title='bbox 543 1927 640 1973; x_wconf 90' lang='lat' dir='ltr'>unum</span> <span class='ocrx_word' id='word_1_81' title='bbox 667 1927 685 1972; x_wconf 90' lang='lat' dir='ltr'>e</span> <span class='ocrx_word' id='word_1_82' title='bbox 713 1907 856 1974; x_wconf 73' lang='lat' dir='ltr'>maximis</span> <span class='ocrx_word' id='word_1_83' title='bbox 877 1906 965 1971; x_wconf 87' lang='lat' dir='ltr'>malis</span> <span class='ocrx_word' id='word_1_84' title='bbox 984 1925 1064 1971; x_wconf 86' lang='lat' dir='ltr'>esse.</span> <span class='ocrx_word' id='word_1_85' title='bbox 1108 1906 1268 1989; x_wconf 86' lang='lat' dir='ltr'>Majorum</span> <span class='ocrx_word' id='word_1_86' title='bbox 1286 1927 1348 1973; x_wconf 90' lang='lat' dir='ltr'>au·</span> 
     </span>
     <span class='ocr_line' id='line_1_14' title="bbox 404 2021 1345 2105; baseline -0.002 -14"><span class='ocrx_word' id='word_1_87' title='bbox 404 2042 467 2093; x_wconf 89' lang='lat' dir='ltr'>tem</span> <span class='ocrx_word' id='word_1_88' title='bbox 496 2043 581 2091; x_wconf 90' lang='lat' dir='ltr'>metu</span> <span class='ocrx_word' id='word_1_89' title='bbox 604 2027 776 2105; x_wconf 88' lang='lat' dir='ltr'>malorum,</span> <span class='ocrx_word' id='word_1_90' title='bbox 807 2024 987 2105; x_wconf 90' lang='lat' dir='ltr'>quicunque</span> <span class='ocrx_word' id='word_1_91' title='bbox 1008 2023 1041 2086; x_wconf 91' lang='lat' dir='ltr'>in</span> <span class='ocrx_word' id='word_1_92' title='bbox 1060 2021 1100 2086; x_wconf 92' lang='lat' dir='ltr'>iis</span> <span class='ocrx_word' id='word_1_93' title='bbox 1121 2021 1221 2087; x_wconf 84' lang='lat' dir='ltr'>fortes</span> <span class='ocrx_word' id='word_1_94' title='bbox 1245 2040 1345 2105; x_wconf 68' lang='lat' dir='ltr'>suut,</span> 
     </span>
     <span class='ocr_line' id='line_1_15' title="bbox 404 2140 1345 2223; baseline -0.003 -14"><span class='ocrx_word' id='word_1_95' title='bbox 404 2143 563 2209; x_wconf 89' lang='lat' dir='ltr'>sustinent</span> <span class='ocrx_word' id='word_1_96' title='bbox 590 2158 743 2221; x_wconf 81' lang='lat' dir='ltr'>mortem,</span> <span class='ocrx_word' id='word_1_97' title='bbox 767 2143 892 2223; x_wconf 86' lang='lat' dir='ltr'>quando</span> <span class='ocrx_word' id='word_1_98' title='bbox 922 2140 1091 2207; x_wconf 88' lang='lat' dir='ltr'>sustinent.</span> <span class='ocrx_word' id='word_1_99' title='bbox 1155 2140 1345 2206; x_wconf 72' lang='lat' dir='ltr'>&#39;Metuendo</span> 
     </span>
     <span class='ocr_line' id='line_1_16' title="bbox 405 2257 1345 2343; baseline 0 -21"><span class='ocrx_word' id='word_1_100' title='bbox 405 2260 555 2343; x_wconf 80' lang='lat' dir='ltr'>igiturne</span> <span class='ocrx_word' id='word_1_101' title='bbox 579 2274 663 2323; x_wconf 89' lang='lat' dir='ltr'>metu</span> <span class='ocrx_word' id='word_1_102' title='bbox 685 2257 784 2322; x_wconf 88' lang='lat' dir='ltr'>fortes</span> <span class='ocrx_word' id='word_1_103' title='bbox 806 2276 915 2322; x_wconf 88' lang='lat' dir='ltr'>omnes</span> <span class='ocrx_word' id='word_1_104' title='bbox 936 2270 1033 2337; x_wconf 88' lang='lat' dir='ltr'>sunt,</span> <span class='ocrx_word' id='word_1_105' title='bbox 1055 2274 1176 2336; x_wconf 84' lang='lat' dir='ltr'>praeter</span> <span class='ocrx_word' id='word_1_106' title='bbox 1198 2259 1345 2338; x_wconf 87' lang='lat' dir='ltr'>philoso-</span> 
     </span>
     <span class='ocr_line' id='line_1_17' title="bbox 402 2348 1346 2458; baseline 0.002 -18"><span class='ocrx_word' id='word_1_107' title='bbox 402 2375 509 2458; x_wconf 86' lang='lat' dir='ltr'>phos:</span> <span class='ocrx_word' id='word_1_108' title='bbox 533 2348 719 2454; x_wconf 87' lang='lat' dir='ltr'>quamquam</span> <span class='ocrx_word' id='word_1_109' title='bbox 740 2374 913 2438; x_wconf 85' lang='lat' dir='ltr'>absurdum</span> <span class='ocrx_word' id='word_1_110' title='bbox 935 2387 1004 2453; x_wconf 88' lang='lat' dir='ltr'>est,</span> <span class='ocrx_word' id='word_1_111' title='bbox 1029 2390 1113 2436; x_wconf 91' lang='lat' dir='ltr'>metu</span> <span class='ocrx_word' id='word_1_112' title='bbox 1132 2375 1268 2457; x_wconf 83' lang='lat' dir='ltr'>aliquem</span> <span class='ocrx_word' id='word_1_113' title='bbox 1292 2364 1346 2442; x_wconf 82' lang='lat' dir='ltr'>vel</span> 
     </span>
     <span class='ocr_line' id='line_1_18' title="bbox 403 2489 1346 2575; baseline 0.004 -19"><span class='ocrx_word' id='word_1_114' title='bbox 403 2490 570 2556; x_wconf 82' lang='lat' dir='ltr'>timiditate</span> <span class='ocrx_word' id='word_1_115' title='bbox 592 2489 706 2555; x_wconf 84' lang='lat' dir='ltr'>fortem</span> <span class='ocrx_word' id='word_1_116' title='bbox 726 2510 807 2558; x_wconf 87' lang='lat' dir='ltr'>esse.</span> <span class='ocrx_word' id='word_1_117' title='bbox 851 2493 912 2556; x_wconf 91' lang='lat' dir='ltr'>Sed</span> <span class='ocrx_word' id='word_1_118' title='bbox 940 2489 995 2571; x_wconf 89' lang='lat' dir='ltr'>qui</span> <span class='ocrx_word' id='word_1_119' title='bbox 1027 2489 1107 2554; x_wconf 89' lang='lat' dir='ltr'>inter</span> <span class='ocrx_word' id='word_1_120' title='bbox 1139 2510 1196 2556; x_wconf 91' lang='lat' dir='ltr'>eos</span> <span class='ocrx_word' id='word_1_121' title='bbox 1225 2507 1346 2575; x_wconf 83' lang='lat' dir='ltr'>tempe-</span> 
     </span>
     <span class='ocr_line' id='line_1_19' title="bbox 406 2606 1345 2687; baseline 0.004 -15"><span class='ocrx_word' id='word_1_122' title='bbox 406 2623 509 2673; x_wconf 84' lang='lat' dir='ltr'>rantes</span> <span class='ocrx_word' id='word_1_123' title='bbox 527 2606 694 2687; x_wconf 81' lang='lat' dir='ltr'>dictantur,</span> <span class='ocrx_word' id='word_1_124' title='bbox 719 2626 825 2673; x_wconf 90' lang='lat' dir='ltr'>nonne</span> <span class='ocrx_word' id='word_1_125' title='bbox 844 2607 938 2672; x_wconf 81' lang='lat' dir='ltr'>simili</span> <span class='ocrx_word' id='word_1_126' title='bbox 959 2608 1093 2687; x_wconf 86' lang='lat' dir='ltr'>quodam</span> <span class='ocrx_word' id='word_1_127' title='bbox 1113 2610 1210 2673; x_wconf 89' lang='lat' dir='ltr'>modo</span> <span class='ocrx_word' id='word_1_128' title='bbox 1228 2629 1265 2673; x_wconf 89' lang='lat' dir='ltr'>se</span> <span class='ocrx_word' id='word_1_129' title='bbox 1285 2611 1345 2677; x_wconf 89' lang='lat' dir='ltr'>ha·</span> 
     </span>
     <span class='ocr_line' id='line_1_20' title="bbox 405 2725 1342 2807; baseline 0.006 -19"><span class='ocrx_word' id='word_1_130' title='bbox 405 2726 502 2806; x_wconf 81' lang='lat' dir='ltr'>beni,</span> <span class='ocrx_word' id='word_1_131' title='bbox 525 2741 561 2789; x_wconf 90' lang='lat' dir='ltr'>nt</span> <span class='ocrx_word' id='word_1_132' title='bbox 587 2725 824 2807; x_wconf 72' lang='lat' dir='ltr'>intemperantia</span> <span class='ocrx_word' id='word_1_133' title='bbox 852 2727 982 2807; x_wconf 90' lang='lat' dir='ltr'>quadam</span> <span class='ocrx_word' id='word_1_134' title='bbox 1013 2739 1220 2806; x_wconf 79' lang='lat' dir='ltr'>temperantes</span> <span class='ocrx_word' id='word_1_135' title='bbox 1246 2725 1342 2793; x_wconf 71' lang='lat' dir='ltr'>sint?</span> 
     </span>
     <span class='ocr_line' id='line_1_21' title="bbox 407 2840 1346 2937; baseline 0.001 -31"><span class='ocrx_word' id='word_1_136' title='bbox 407 2861 594 2926; x_wconf 86' lang='lat' dir='ltr'>quamquam</span> <span class='ocrx_word' id='word_1_137' title='bbox 624 2841 656 2905; x_wconf 89' lang='lat' dir='ltr'>id</span> <span class='ocrx_word' id='word_1_138' title='bbox 681 2841 747 2906; x_wconf 86' lang='lat' dir='ltr'>fieri</span> <span class='ocrx_word' id='word_1_139' title='bbox 770 2859 835 2906; x_wconf 91' lang='lat' dir='ltr'>non</span> <span class='ocrx_word' id='word_1_140' title='bbox 858 2860 953 2924; x_wconf 91' lang='lat' dir='ltr'>posse</span> <span class='ocrx_word' id='word_1_141' title='bbox 980 2840 1117 2904; x_wconf 89' lang='lat' dir='ltr'>videtur.</span> <span class='ocrx_word' id='word_1_142' title='bbox 1182 2841 1346 2937; x_wconf 74' lang='lat' dir='ltr'>Verunta-</span> 
     </span>
     <span class='ocr_line' id='line_1_22' title="bbox 407 2956 1345 3040; baseline 0.004 -17"><span class='ocrx_word' id='word_1_143' title='bbox 407 2978 478 3023; x_wconf 89' lang='lat' dir='ltr'>men</span> <span class='ocrx_word' id='word_1_144' title='bbox 496 2957 607 3022; x_wconf 86' lang='lat' dir='ltr'>accidit</span> <span class='ocrx_word' id='word_1_145' title='bbox 630 2957 668 3021; x_wconf 88' lang='lat' dir='ltr'>iis</span> <span class='ocrx_word' id='word_1_146' title='bbox 690 2959 789 3037; x_wconf 87' lang='lat' dir='ltr'>illud,</span> <span class='ocrx_word' id='word_1_147' title='bbox 811 2957 843 3022; x_wconf 91' lang='lat' dir='ltr'>in</span> <span class='ocrx_word' id='word_1_148' title='bbox 861 2956 946 3023; x_wconf 78' lang='lat' dir='ltr'>fatui</span> <span class='ocrx_word' id='word_1_149' title='bbox 959 2958 1100 3040; x_wconf 91' lang='lat' dir='ltr'>ipsorum</span> <span class='ocrx_word' id='word_1_150' title='bbox 1121 2961 1345 3040; x_wconf 74' lang='lat' dir='ltr'>temperantia.</span> 
     </span>
     <span class='ocr_line' id='line_1_23' title="bbox 405 3072 1342 3160; baseline 0.005 -21"><span class='ocrx_word' id='word_1_151' title='bbox 405 3073 570 3140; x_wconf 91' lang='lat' dir='ltr'>Timentes</span> <span class='ocrx_word' id='word_1_152' title='bbox 599 3072 739 3151; x_wconf 86' lang='lat' dir='ltr'>scilicet,</span> <span class='ocrx_word' id='word_1_153' title='bbox 781 3092 821 3138; x_wconf 93' lang='lat' dir='ltr'>ne</span> <span class='ocrx_word' id='word_1_154' title='bbox 847 3075 913 3137; x_wconf 90' lang='lat' dir='ltr'>suis</span> <span class='ocrx_word' id='word_1_155' title='bbox 943 3090 1065 3138; x_wconf 88' lang='lat' dir='ltr'>careant</span> <span class='ocrx_word' id='word_1_156' title='bbox 1096 3076 1342 3160; x_wconf 87' lang='lat' dir='ltr'>voluptatibus,</span> 
     </span>
     <span class='ocr_line' id='line_1_24' title="bbox 407 3189 1344 3277; baseline 0.002 -20"><span class='ocrx_word' id='word_1_157' title='bbox 407 3190 557 3257; x_wconf 87' lang='lat' dir='ltr'>aceteris</span> <span class='ocrx_word' id='word_1_158' title='bbox 579 3189 756 3268; x_wconf 87' lang='lat' dir='ltr'>abstinent,</span> <span class='ocrx_word' id='word_1_159' title='bbox 778 3204 810 3253; x_wconf 93' lang='lat' dir='ltr'>et</span> <span class='ocrx_word' id='word_1_160' title='bbox 840 3191 922 3255; x_wconf 81' lang='lat' dir='ltr'>lione</span> <span class='ocrx_word' id='word_1_161' title='bbox 952 3191 984 3254; x_wconf 92' lang='lat' dir='ltr'>in</span> <span class='ocrx_word' id='word_1_162' title='bbox 1014 3193 1140 3257; x_wconf 88' lang='lat' dir='ltr'>modum</span> <span class='ocrx_word' id='word_1_163' title='bbox 1173 3192 1254 3257; x_wconf 88' lang='lat' dir='ltr'>fiunt</span> <span class='ocrx_word' id='word_1_164' title='bbox 1287 3214 1344 3277; x_wconf 91' lang='lat' dir='ltr'>per</span> 
     </span>
     <span class='ocr_line' id='line_1_25' title="bbox 406 3304 1341 3395; baseline 0.005 -22"><span class='ocrx_word' id='word_1_165' title='bbox 406 3304 670 3391; x_wconf 89' lang='lat' dir='ltr'>intemperantiam</span> <span class='ocrx_word' id='word_1_166' title='bbox 691 3320 909 3386; x_wconf 87' lang='lat' dir='ltr'>temperantes.</span> <span class='ocrx_word' id='word_1_167' title='bbox 952 3308 1052 3388; x_wconf 85' lang='lat' dir='ltr'>Atqui</span> <span class='ocrx_word' id='word_1_168' title='bbox 1079 3309 1153 3375; x_wconf 88' lang='lat' dir='ltr'>haec</span> <span class='ocrx_word' id='word_1_169' title='bbox 1181 3313 1341 3395; x_wconf 91' lang='lat' dir='ltr'>haudqua-</span> 
     </span>
     <span class='ocr_line' id='line_1_26' title="bbox 406 3422 1341 3509; baseline -0.004 -20"><span class='ocrx_word' id='word_1_170' title='bbox 406 3445 499 3509; x_wconf 87' lang='lat' dir='ltr'>quam</span> <span class='ocrx_word' id='word_1_171' title='bbox 521 3437 603 3488; x_wconf 84' lang='lat' dir='ltr'>recta</span> <span class='ocrx_word' id='word_1_172' title='bbox 627 3435 697 3496; x_wconf 80' lang='lat' dir='ltr'>est,</span> <span class='ocrx_word' id='word_1_173' title='bbox 733 3423 775 3484; x_wconf 94' lang='lat' dir='ltr'>mi</span> <span class='ocrx_word' id='word_1_174' title='bbox 798 3422 941 3503; x_wconf 87' lang='lat' dir='ltr'>Simmia,</span> <span class='ocrx_word' id='word_1_175' title='bbox 958 3425 995 3489; x_wconf 90' lang='lat' dir='ltr'>ad</span> <span class='ocrx_word' id='word_1_176' title='bbox 1014 3425 1162 3490; x_wconf 90' lang='lat' dir='ltr'>virtutem</span> <span class='ocrx_word' id='word_1_177' title='bbox 1186 3428 1260 3508; x_wconf 86' lang='lat' dir='ltr'>via,</span> <span class='ocrx_word' id='word_1_178' title='bbox 1281 3449 1341 3493; x_wconf 84' lang='lat' dir='ltr'>vo.</span> 
     </span>
     <span class='ocr_line' id='line_1_27' title="bbox 407 3537 1340 3625; baseline 0.008 -19"><span class='ocrx_word' id='word_1_179' title='bbox 407 3543 542 3625; x_wconf 90' lang='lat' dir='ltr'>luptates</span> <span class='ocrx_word' id='word_1_180' title='bbox 572 3537 814 3619; x_wconf 90' lang='lat' dir='ltr'>voluptatibus,</span> <span class='ocrx_word' id='word_1_181' title='bbox 846 3540 972 3604; x_wconf 88' lang='lat' dir='ltr'>dolores</span> <span class='ocrx_word' id='word_1_182' title='bbox 1001 3542 1187 3623; x_wconf 80' lang='lat' dir='ltr'>doloribus,</span> <span class='ocrx_word' id='word_1_183' title='bbox 1223 3562 1340 3613; x_wconf 84' lang='lat' dir='ltr'>metum</span> 
     </span>
     <span class='ocr_line' id='line_1_28' title="bbox 408 3641 1340 3747; baseline -0.008 -21"><span class='ocrx_word' id='word_1_184' title='bbox 408 3677 515 3738; x_wconf 87' lang='lat' dir='ltr'>metu,</span> <span class='ocrx_word' id='word_1_185' title='bbox 546 3656 646 3739; x_wconf 86' lang='lat' dir='ltr'>majus</span> <span class='ocrx_word' id='word_1_186' title='bbox 666 3652 804 3732; x_wconf 85' lang='lat' dir='ltr'>minori,</span> <span class='ocrx_word' id='word_1_187' title='bbox 837 3670 992 3735; x_wconf 88' lang='lat' dir='ltr'>tamquam</span> <span class='ocrx_word' id='word_1_188' title='bbox 1014 3678 1183 3742; x_wconf 89' lang='lat' dir='ltr'>nummos,</span> <span class='ocrx_word' id='word_1_189' title='bbox 1206 3641 1340 3747; x_wconf 53' lang='lat' dir='ltr'>&#39;pennu</span> 
     </span>
    </p>
   </div>
   <div class='ocr_carea' id='block_1_3' title="bbox 408 3769 1343 4199">
    <p class='ocr_par' dir='ltr' id='par_1_3' title="bbox 408 3769 1343 4095">
     <span class='ocr_line' id='line_1_29' title="bbox 408 3769 1340 3866; baseline 0.006 -23"><span class='ocrx_word' id='word_1_190' title='bbox 408 3794 493 3859; x_wconf 83' lang='lat' dir='ltr'>tate3</span> <span class='ocrx_word' id='word_1_191' title='bbox 538 3774 594 3839; x_wconf 87' lang='lat' dir='ltr'>scd</span> <span class='ocrx_word' id='word_1_192' title='bbox 623 3771 676 3835; x_wconf 89' lang='lat' dir='ltr'>ille</span> <span class='ocrx_word' id='word_1_193' title='bbox 702 3769 850 3835; x_wconf 88' lang='lat' dir='ltr'>duntaxat</span> <span class='ocrx_word' id='word_1_194' title='bbox 877 3787 980 3839; x_wconf 89' lang='lat' dir='ltr'>rectus</span> <span class='ocrx_word' id='word_1_195' title='bbox 1009 3776 1051 3842; x_wconf 90' lang='lat' dir='ltr'>sit</span> <span class='ocrx_word' id='word_1_196' title='bbox 1080 3796 1251 3864; x_wconf 88' lang='lat' dir='ltr'>nummus,</span> <span class='ocrx_word' id='word_1_197' title='bbox 1273 3802 1340 3866; x_wconf 92' lang='lat' dir='ltr'>quo</span> 
     </span>
     <span class='ocr_line' id='line_1_30' title="bbox 409 3891 1343 3984; baseline 0.005 -25"><span class='ocrx_word' id='word_1_198' title='bbox 409 3898 483 3961; x_wconf 86' lang='lat' dir='ltr'>haec</span> <span class='ocrx_word' id='word_1_199' title='bbox 506 3891 609 3957; x_wconf 89' lang='lat' dir='ltr'>omnia</span> <span class='ocrx_word' id='word_1_200' title='bbox 629 3902 771 3969; x_wconf 85' lang='lat' dir='ltr'>oporteat</span> <span class='ocrx_word' id='word_1_201' title='bbox 792 3892 995 3975; x_wconf 87' lang='lat' dir='ltr'>commutari,</span> <span class='ocrx_word' id='word_1_202' title='bbox 1027 3912 1138 3976; x_wconf 89' lang='lat' dir='ltr'>nempe</span> <span class='ocrx_word' id='word_1_203' title='bbox 1158 3901 1343 3984; x_wconf 76' lang='lat' dir='ltr'>sapientiae</span> 
     </span>
     <span class='ocr_line' id='line_1_31' title="bbox 409 4007 1341 4095; baseline 0.006 -16"><span class='ocrx_word' id='word_1_204' title='bbox 409 4015 469 4079; x_wconf 82' lang='lat' dir='ltr'>linc</span> <span class='ocrx_word' id='word_1_205' title='bbox 501 4026 627 4076; x_wconf 89' lang='lat' dir='ltr'>nummo</span> <span class='ocrx_word' id='word_1_206' title='bbox 656 4019 735 4068; x_wconf 85' lang='lat' dir='ltr'>emta</span> <span class='ocrx_word' id='word_1_207' title='bbox 763 4007 950 4089; x_wconf 83' lang='lat' dir='ltr'>venditaqne</span> <span class='ocrx_word' id='word_1_208' title='bbox 980 4013 1084 4079; x_wconf 91' lang='lat' dir='ltr'>omnia</span> <span class='ocrx_word' id='word_1_209' title='bbox 1112 4032 1219 4095; x_wconf 86' lang='lat' dir='ltr'>reapse</span> <span class='ocrx_word' id='word_1_210' title='bbox 1247 4032 1341 4084; x_wconf 87' lang='lat' dir='ltr'>erunt</span> 
     </span>
    </p>

    <p class='ocr_par' dir='ltr' id='par_1_4' title="bbox 1275 4129 1341 4199">
     <span class='ocr_line' id='line_1_32' title="bbox 1275 4129 1341 4199; baseline 0.015 -2"><span class='ocrx_word' id='word_1_211' title='bbox 1275 4129 1341 4199; x_wconf 81' lang='lat' dir='ltr'>tor·</span> 
     </span>
    </p>
   </div>
   <div class='ocr_carea' id='block_1_4' title="bbox 0 0 1458 5168">
    <p class='ocr_par' dir='ltr' id='par_1_5' title="bbox 0 0 1458 5168">
     <span class='ocr_line' id='line_1_33' title="bbox 0 0 1458 5168; baseline 0 0"><span class='ocrx_word' id='word_1_212' title='bbox 0 0 1458 5168; x_wconf 95' lang='lat' dir='ltr'> </span> 
     </span>
    </p>
   </div>
  </div>
 </body>
</html>
