2896 5168
675 390 678 401 .
754 448 924 526 *⁵8-

363 625 532 693 tnalaeste
546 621 718 691 fateantur:
741 622 875 688 nonne?
895 656 944 676 -·
962 620 1112 707 Quidni?
1132 657 1179 680 ·-
1200 627 1293 712 Mag,

259 779 262 784 ·
365 754 419 807 naa
449 741 547 826 igitur
577 737 615 804 de
649 736 687 802 iis
718 738 894 820 multasque
933 742 1160 807 controversias
1199 762 1292 827 esse,

362 856 513 923 constat?
535 891 582 937 .-
601 855 737 921 Constat
754 852 816 921 (ι).

389 971 515 1039 ·Nolim
536 973 575 1037 ad
607 974 668 1039 hoc
689 974 828 1040 Platonis
843 975 994 1060 judicium
1010 990 1189 1057 ‘sectarum
1213 995 1293 1059 quae

360 1101 437 1173 post
462 1107 533 1153 eum
553 1090 760 1172 exstiterunt,
783 1091 948 1175 ipsiusque
964 1093 1133 1161 Ciceronis
1149 1095 1189 1161 de
1204 1110 1293 1161 suna·

360 1212 416 1267 nto
442 1202 529 1271 bono
554 1206 667 1290 placita
698 1206 931 1288 quaerendique
959 1207 996 1270 de
1024 1207 1087 1271 hoo
1110 1225 1291 1292 argumento

360 1319 512 1388 tationem
541 1317 681 1408 exigere:
728 1341 913 1405 quamquam
949 1338 999 1388 tne
1027 1323 1129 1403 latent
1164 1325 1198 1389 in
1231 1327 1293 1391 ais-

361 1438 592 1520 ceptationibus
624 1439 709 1519 illis,
732 1456 811 1519 quas
839 1438 973 1520 protulit
996 1438 1130 1518 Cicero,
1152 1435 1297 1523 Platonis

361 1558 518 1639 depretiet
549 1554 678 1635 verique
709 1554 845 1619 studium
876 1570 908 1620 et
935 1557 1075 1633 ardorem
1106 1555 1291 1622 desiderares

363 1671 585 1738 Verumtamen
618 1672 759 1752 quamvis
787 1672 926 1737 idearum
958 1673 1128 1739 doctrinam
1157 1674 1295 1756 neglige·

335 1798 432 1867 ,rent
461 1789 530 1871 illi,
563 1789 595 1853 id
624 1803 725 1854 tamen
757 1802 960 1872 spectarunt,
991 1789 1078 1871 quod
1112 1788 1293 1857 tonnniret

360 1921 435 1972 eum
462 1899 533 1985 illa,
555 1904 726 1988 perlectum
753 1921 925 1985 verumque
942 1905 1084 1986 bonum,
1105 1905 1161 1985 id,
1184 1907 1293 1988 quod,

361 2033 400 2087 ut
411 2022 524 2088 Cicero
546 2022 612 2101 ait,
635 2037 808 2086 extremum
827 2037 858 2086 tt
879 2022 1023 2087 altimum
1043 2041 1117 2088 ttset
1131 2023 1291 2095 bonorum.

362 2139 439 2205 Tala
469 2138 503 2202 id
528 2156 598 2203 esse
622 2137 757 2218 debere,
784 2139 953 2204 secundum
985 2139 1122 2205 omniurn
1149 2141 1294 2224 philoso-

360 2255 498 2338 phorum
517 2256 721 2336 sententiam,
742 2255 822 2321 idem
838 2256 934 2338 dicit,
948 2256 1048 2322 tat-ad
1064 2256 1102 2322 id
1119 2262 1222 2323 omnia
1244 2278 1294 2322 re-

352 2377 448 2460 ferra
467 2388 627 2462 oporteat,
647 2376 746 2460 ipram
768 2388 873 2437 autem
892 2373 1111 2456 nusquam).
1155 2369 1201 2438 Et
1215 2391 1291 2440 vero

208 2552 211 2559 .
282 2504 285 2509 '
360 2490 453 2561 zeno
478 2491 525 2555 sic
549 2487 715 2569 descripsit
735 2489 846 2552 bonum
869 2487 945 2549 illud
966 2508 1138 2568 summum,
1160 2489 1205 2553 sic
1227 2508 1295 2555 cer·

358 2616 395 2670 te
420 2605 628 2668 Cicerocum
651 2600 773 2665 induxit
801 2599 1053 2681 describentem,
1073 2617 1109 2666 ut
1137 2604 1292 2686 cogitasse

362 2717 504 2784 Platonis
533 2715 630 2780 ideam
649 2727 745 2794 atque
771 2714 964 2798 expressisse
996 2715 1191 2790 Platonicum
1221 2725 1293 2788 tint·

361 2838 456 2917 κρινὲς
485 2835 535 2899 ael
563 2821 707 2912 natatilia
741 2829 894 2895 videatur.
954 2829 1012 2897 Sic
1043 2831 1125 2898 enirn
1154 2834 1289 2900 Cicero:

362 2947 451 3018 Zeno
482 2964 632 3013 summum
660 2946 770 3012 bonum
792 2946 971 3035 appellabat
992 2951 1171 3031 honestum,
1212 2952 1296 3038 qnod

357 3081 437 3134 ‘asset
456 3066 587 3157 simplex
602 3062 754 3150 qrtodtlam
776 3080 806 3129 tt
824 3066 919 3131 solum
938 3079 969 3131 tt
987 3086 1082 3131 urtam
1100 3067 1209 3134 baneam
1231 3071 1289 3135 (a).

358 3182 547 3268 Philosophi
580 3182 699 3248 scilicet
732 3181 834 3246 omnis
862 3181 1008 3263 deinceps
1041 3183 1175 3263 aetatis,
1217 3186 1293 3251 licet

240 3330 249 3346 ·
359 3303 507 3370 'sublimia
528 3300 607 3366 'llaec
641 3297 780 3362 Platonis
812 3297 947 3380 placita,
971 3296 1048 3362 sive
1078 3296 1293 3380 improbantes

358 3429 421 3505 ta,
441 3418 512 3484 sive
530 3414 750 3498 negligentes,
780 3414 847 3479 sive
865 3428 930 3478 non
959 3413 1166 3498 intelligentes
1193 3417 1290 3500 satis,
1398 3463 1403 3469 .

280 3550 286 3562 ·
356 3547 428 3600 non
456 3531 664 3597 adsciscerent
695 3529 968 3613 philosophando,
998 3531 1203 3599 nihilominus
1231 3554 1293 3602 *ex-

265 3720 270 3730 ,
357 3650 499 3734 primore
522 3647 922 3728 Platonem-qualicunque·
941 3647 1060 3712 ratione
1080 3653 1186 3714 conati
1202 3665 1290 3716 suot.

496 3769 498 3773 '
517 3783 520 3789 ·
898 3784 901 3789 ·
1231 3762 1295 3828 no·

397 3919 448 3993 (1)
463 3916 507 3987 ne
523 3918 591 3988 nep.
607 3914 662 3972 vt.
678 3916 738 3970 ⁵05.
754 3919 787 3970 a.
807 3918 840 3972 c.
893 3920 934 3988 (ι)
956 3919 1015 3973 cre.
1033 3916 1066 3969 aa
1083 3915 1144 3969 arn.
1165 3919 1189 3970 1.
1205 3932 1229 3970 e.
1247 3935 1273 3990 9.
1331 3893 1334 3897 ’

368 4004 370 4009 ’
399 4021 440 4093 (a)
461 4007 520 4074 ‘cie
541 4014 753 4085 artquoma.
772 4019 796 4070 1.
818 4032 857 4072 ιο.
1174 4037 1177 4042 ·
