2896 5168
617 493 745 554 —203
774 506 814 521 -α

478 772 531 836 Dc
562 775 766 858 poetarum
790 770 965 846 ratione,

384 910 456 976 qua
493 889 588 954 Deos
621 887 722 952 nobis
746 843 782 968 icc
807 879 1046 950 carminibus

517 1035 520 1043 ·
574 1006 857 1086 informarunt.

294 1240 489 1304 Excitandus
525 1239 575 1304 hle
613 1236 706 1302 nobis
734 1237 838 1301 denuo
865 1251 913 1302 est
947 1232 1122 1301 Glauconis
1149 1233 1181 1297 iu

252 1356 372 1421 Politia
389 1374 516 1435 sermo,
536 1355 615 1434 ubi,
636 1374 700 1436 quo
721 1355 846 1438 plenius
867 1354 1010 1420 Socrates
1031 1352 1185 1436 justitiam

250 1474 406 1555 vindicet,
436 1491 596 1554 poetarum
624 1472 727 1552 inepta
750 1487 970 1535 commemorat
986 1472 1024 1533 de
1051 1471 1121 1533 Diis
1139 1467 1185 1533 ef·

249 1589 341 1671 fata,
370 1593 485 1671 quibus
521 1589 597 1653 moti
627 1590 839 1652 adolescentes
877 1587 1061 1668 injustitiam
1095 1585 1185 1649 facile

248 1708 387 1791 justitiae
406 1705 597 1789 praeferunt.
615 1703 656 1770 (¹)
680 1706 794 1782 Dicat,
817 1704 878 1782 ait,
900 1701 1029 1782 aliquis:
1057 1702 1088 1764 in
1108 1719 1185 1764 eon·

250 1823 414 1887 temnendl
445 1822 567 1906 justitll
597 1824 680 1886 Deos
712 1822 805 1884 latere
836 1838 900 1883 non
931 1837 1100 1900 possumus
1127 1837 1185 1884 nec
1242 1859 1243 1862 =

249 1939 421 2020 impedire,
461 1957 524 2018 quo
560 1938 661 2001 minus
690 1956 749 2000 nos
779 1936 889 2018 poenis
917 1936 1060 2001 afficiant.
1113 1937 1184 2001 Nos

250 2076 324 2121 vero
356 2075 564 2137 reponamus:
595 2054 706 2137 atqui,
726 2035 763 2117 ¹si
793 2072 856 2116 non
888 2054 952 2116 sint
982 2053 1109 2117 Dii-vel
1135 2071 1190 2118 res

249 2172 397 2235 humanas
420 2188 484 2234 non
512 2139 643 2246 curent,
667 2169 848 2233 nobisnon
868 2170 1058 2246 curandum,
1086 2183 1120 2232 ut
1140 2169 1186 2233 la-

253 2302 370 2351 teamus
396 2287 488 2367 illos3
522 2287 571 2350 sin
598 2286 700 2350 adsint
727 2301 821 2367 atque
845 2287 985 2350 homines
1006 2303 1131 2369 regant,
1152 2286 1184 2352 id

249 2421 314 2468 non
336 2403 482 2481 aliunde,
513 2403 572 2466 nisi
595 2423 611 2466 e
633 2408 800 2483 poetarum·
818 2404 1007 2466 carminibus
1033 2404 1186 2485 cognovi·

251 2540 337 2586 mus:
372 2521 481 2585 dieunt
510 2538 611 2584 autem
641 2521 756 2597 iidem,
786 2538 881 2600 posse
909 2523 993 2584 Deos
1021 2521 1180 2586 sacrificiis

249 2638 463 2716 suavibusque
483 2637 627 2716 precibus
648 2655 681 2697 ac
706 2636 885 2698 muneribus
909 2635 1004 2703 llccti.
1056 2637 1183 2720 Quibus

249 2755 301 2817 vel
320 2770 488 2832 utrumque
507 2751 692 2813 credendum
715 2766 763 2813 est
785 2751 835 2813 vel
854 2767 1013 2815 neutrum.
1063 2753 1096 2817 Si
1117 2772 1186 2818 cre-·

185 2942 186 2946 Ἰ
250 2869 405 2946 dandum,
436 2869 551 2949 injuste
578 2884 666 2946 agere
695 2866 784 2942 licet,
811 2867 959 2930 simodo
984 2886 1020 2930 ex
1045 2866 1114 2948 ipsa
1135 2889 1185 2934 ra·

252 2983 328 3065 pind
349 2982 424 3064 Diis
446 2982 601 3063 ,sacrificia
633 2980 813 3046 offeramus.
857 2981 960 3063 Nam,
984 2983 1011 3048 si
1031 2987 1109 3069 justi
1129 3006 1186 3051 su-

251 3120 345 3179 mus,
382 3099 480 3164 illaesi
515 3101 637 3180 quidem
668 3119 685 3162 a
716 3097 787 3164 Diis
818 3100 957 3180 erimus,
989 3104 1043 3167 sed
1076 3106 1180 3186 lucta,

252 3236 331 3296 quae
356 3236 411 3296 per
439 3217 620 3299 injustitiam
648 3233 888 3297 comparantur,
909 3208 1110 3299 respuemus:
1135 3220 1183 3286 in·

248 3332 326 3418 justi
354 3353 451 3411 vero,
481 3335 605 3397 divitias
635 3333 833 3414 parabimus,
856 3337 1089 3419 sceleribusque
1111 3360 1196 3421 ρετ·-

249 3449 398 3532 penatis,
415 3450 486 3513 illos
504 3450 648 3531 precibus
662 3451 838 3526 flectentes,
856 3456 956 3532 poeni.
970 3453 1180 3529 liberabimur.

251 3569 321 3634 Nec
343 3585 416 3630 vero
437 3566 628 3647 dicat-quis:
657 3569 740 3649 apud
763 3566 877 3632 inferos
900 3588 1015 3650 poenas
1036 3574 1185 3641 dabimus·

250 3702 381 3761 eorum,
405 3701 484 3762 quae
501 3684 550 3747 lrlc
575 3683 688 3767 injuste
705 3686 971 3752 commiserimus:
999 3691 1140 3774 scilicet,
1159 3712 1181 3758 ο

249 3801 356 3882 bone,
378 3801 656 3883 respondebimus,
673 3802 866 3885 expiationes
876 3822 935 3885 pro
946 3809 1083 3887 peccatis
1094 3828 1181 3875 com·

1109 3927 1183 3994 mis·

287 4075 329 4145 (r)
353 4076 398 4130 Cf.
430 4093 510 4144 supra
539 4094 567 4144 p.
598 4075 708 4147 45-47.
