2896 5168
726 422 853 525 ‘7¹³⁶
873 457 916 472 -

359 598 427 668 reri
444 571 556 664 sensus
575 595 637 679 sit,
658 573 765 663 'fallere
793 614 853 662 nos
873 604 938 662 non
968 598 1094 681 minus,
1111 592 1211 684 ¹quam
1229 597 1281 672 'vl-

359 733 441 796 sus‚
462 712 730 798 auditus‚caeteri
750 731 861 779 sensus
881 728 1011 798 potest,
1034 731 1065 780 et
1087 718 1183 802 magis
1204 719 1294 784 adeo

361 833 401 898 de
424 827 517 898 rebus
548 812 640 895 bonis
670 845 702 895 ct
722 829 834 910 malis,
855 831 948 917 iustis
968 845 1000 896 et
1021 831 1145 916 injustis
1167 833 1307 898 disces·-

362 964 472 1014 seruut
486 943 586 1012 *omni
607 964 684 1011 aevo
708 965 725 1012 a
748 964 783 1013 se
807 946 940 1012 invicem
969 948 1128 1014 hominum
1151 963 1285 1016 senten·

361 1067 442 1142 tiae,
469 1055 560 1144 quam
587 1064 626 1128 de
657 1063 821 1147 physicis,
854 1081 935 1144 quae
965 1064 1135 1147 dicuutur,
1168 1066 1282 1132 rebust

363 1178 498 1244 mundus
529 1195 630 1247 autem
658 1180 807 1259 moralis,
835 1180 895 1244 nisi
927 1188 1045 1246 aerim
1066 1182 1098 1245 in
1129 1199 1167 1246 eo
1186 1181 1285 1248 domi·

362 1308 475 1378 natur,
497 1314 628 1379 reapse,
651 1296 749 1392 qualis
771 1295 836 1374 sit,
857 1293 986 1375 intelligi
1007 1297 1095 1358 nullo
1114 1296 1208 1361 modo
1227 1315 1298 1379 po·-

362 1424 438 1480 test.
482 1413 660 1498 Simplicius
683 1411 788 1494 igitur,
808 1410 895 1475 Plato
913 1408 1125 1490 rectiusque,
1146 1424 1183 1473 ut
1200 1409 1286 1474 vide·

363 1529 436 1606 tur,
456 1530 526 1590 veri
543 1527 634 1593 unice
652 1525 785 1622 laudauit
796 1545 936 1604 sensum,
958 1526 1078 1609 ὄργανον
1103 1524 1182 1589 illud
1201 1524 1287 1589 scili·
1393 1532 1396 1538 ’

362 1652 413 1704 cet
437 1648 491 1717 rit
513 1649 640 1725 lvere,
661 1650 766 1725 μυιιῶν
793 1643 936 1724 lauerat
963 1653 1113 1724 κρεῖττον,
1134 1637 1156 1725 ὦ
1177 1667 1216 1720 ιε
1230 1667 1300 1723 ιιι·

331 1784 333 1787 ·
364 1760 401 1840 up
434 1760 558 1836 uitam
589 1762 711 1843 titius:
744 1757 955 1839 mundumque
986 1761 1084 1835 νοητὸν
1110 1748 1184 1821 huic
1211 1753 1298 1820 fecit·

368 1871 435 1937 sive
458 1872 565 1938 sensui
594 1873 662 1939 sive
680 1880 792 1960 δργιινῷ
814 1873 882 1939 sive
903 1881 1007 1959 ψυχῆς
1028 1875 1141 1957 ippum
1160 1889 1291 1955 respon·

363 1987 499 2054 dentem.
552 1987 668 2056 Verum
707 1990 826 2056 scilicet
856 1990 932 2054 illud
967 2004 1036 2071 est,
1078 1991 1165 2070 quod
1192 2007 1289 2055 unum

363 2118 505 2183 spectare
530 2105 686 2171 hominem
708 2107 843 2171 omniin
863 2087 1143 2190 caussl'oportet‚
1164 2126 1221 2172 nec
1244 2108 1292 2172 ul·

365 2217 396 2284 ia
423 2218 484 2284 dici
514 2235 598 2286 recte
624 2241 742 2287 morum
774 2222 933 2306 disciplina
964 2236 1094 2307 potest,
1116 2223 1181 2289 nisi
1211 2240 1292 2304 quae

366 2333 472 2400 eadem
492 2334 591 2420 ipsius
611 2338 651 2404 sit
681 2343 828 2406 ueritatis
849 2339 1024 2424 disciplina.
1066 2339 1163 2423 Quod
1191 2353 1292 2405 autem

367 2455 534 2519 memoravi
561 2476 671 2521 sacrae
700 2455 858 2521 doctrinae
885 2437 1022 2520 'nostrae
1053 2454 1291 2534 auctoritatem,
1328 2501 1334 2511 .

367 2566 482 2634 factum
511 2570 542 2635 in
571 2571 680 2650 primis
710 2572 777 2653 ejus
806 2570 996 2634 sublimitate
1024 2584 1094 2648 est,
1138 2583 1174 2634 ut
1200 2570 1294 2636 animi

369 2683 637 2767 apud·Platonem
669 2683 871 2749 inmundum
900 2689 997 2762 νοητὸν
1025 2684 1167 2749 escensio
1196 2687 1293 2767 vulgo

368 2796 561 2879 acciperetur
579 2815 750 2880 perperam.
781 2799 864 2863 Num
879 2816 1006 2881 regnum
1027 2799 1186 2880 veritatis,
1207 2801 1296 2882 quod

371 2911 461 2980 Plato
495 2927 638 2996 spectat,
680 2913 712 2979 in
751 2934 817 3008 quo
842 2919 1009 2998 ’βασιλεύει
1051 2921 1067 2996 ii
1098 2924 1151 2987 τοῦ
1180 2893 1296 2997 ἀγαθοῦ

370 3032 436 3104 iila
448 3027 527 3112 ,·(1)
548 3030 580 3096 in
600 3033 637 3097 el
655 3031 758 3097 vocari
786 3033 909 3098 coeleste
930 3051 1058 3117 regnum
1078 3033 1182 3116 solet,
1205 3033 1298 3115 quip-

371 3149 544 3232 peciolam
567 3148 639 3218 licet
664 3166 729 3213 non
761 3148 876 3230 unice,
898 3148 1062 3232 praecipue
1082 3161 1184 3214 tamen
1209 3167 1298 3230 spec·

374 3279 473 3333 tans:
489 3267 540 3333 cui
569 3263 693 3331 dicendi
715 3264 828 3330 rationi
859 3265 956 3347 vulgo
985 3263 1127 3328 homines
1146 3282 1164 3326 a
1183 3265 1297 3328 teneris

352 3383 515 3464 assueti,
537 3380 628 3450 facile
638 3365 715 3451 lianc
739 3381 836 3462 ipsam
851 3379 884 3444 in
903 3377 1042 3444 Platonis
1064 3376 1296 3461 philosophiam

377 3493 627 3579 transtulerunt,
661 3511 696 3562 ut
730 3501 822 3583 imp
856 3494 974 3565 mundo
1006 3510 1186 3562 terrestrem
1221 3496 1300 3561 hanc

376 3614 471 3681 vitam
500 3628 659 3695 nostram,
691 3619 780 3702 ponec}
799 3630 875 3680 vero
909 3613 1060 3679 coelestem
1080 3611 1299 3697 intelligerent.

289 3817 292 3827 Ι
377 3730 540 3815 Perperom
569 3731 710 3816 profecto
742 3734 800 3799 illi.
844 3727 924 3798 Nam
955 3731 1042 3799 Plato
1064 3727 1138 3796 licet
1163 3725 1300 3796 futuram

1235 3859 1301 3908 aui·

405 3981 452 4056 (ι)
470 3993 509 4043 n·
522 3988 595 4056 nep.
613 3985 664 4041 rt.
694 3986 752 4062 ⁵09.
769 3988 806 4040 n.
825 3987 870 4043 cr.
887 3982 957 4039 vn.
973 3981 1032 4039 sm.
1050 3973 1298 4051 u.·i⁵17.a.u.
1406 3963 1409 3970 ’
