2896 5168
653 451 831 513 -26-

267 656 331 705 non
356 653 464 700 omnes
491 634 552 715 ipsi
582 649 638 713 per
659 651 694 694 se
715 630 765 694 vei
791 628 862 692 mali
882 645 958 692 sunt
989 631 1039 694 vet
1063 649 1202 701 nocente

264 754 391 821 trahunt
423 767 579 830 mentem,
611 764 647 813 ut
679 748 839 825 vidimus,
871 745 904 809 iu
933 763 1043 811 omnes
1070 765 1199 834 partas3

263 871 320 939 aed
346 888 429 936 uuus
454 884 524 947 eut,
554 868 647 950 cujus
668 863 778 929 ductui
810 879 841 927 et
869 864 969 927 veluti
996 867 1110 932 tractui
1140 871 1202 935 ob·

261 986 353 1071 aequi
379 985 530 1051 &benum
557 985 671 1049 onice:
717 982 804 1045 ilium
837 981 933 1060 dico,
977 983 1033 1063 qui
1053 1004 1125 1050 cum
1154 1007 1201 1053 ra·

259 1104 348 1169 tione
375 1100 534 1166 consentit
560 1102 691 1183 ejusque
727 1098 868 1161 minister
893 1112 953 1162 est.
1017 1101 1055 1167 ld
1086 1121 1201 1187 nempe

260 1235 331 1299 est,
354 1218 441 1300 quod
469 1218 508 1282 de
534 1215 662 1280 rationis
684 1215 782 1278 ductu
801 1215 1004 1280 Atheniensis
1036 1217 1089 1284 itte
1111 1220 1198 1287 Hos.

260 1354 317 1419 pes
338 1335 480 1411 monuit,
502 1337 613 1403 δεῖσθαι
632 1339 780 1415 ὑπηρετῶν
801 1337 853 1400 aab
874 1335 968 1412 λόγου
985 1339 1128 1418 timim
1154 1335 1196 1402 (¹)

198 1450 203 1458 '
301 1451 373 1515 Vim
397 1451 493 1534 igitur
512 1449 626 1514 amoris
648 1447 801 1513 inanimo
825 1449 985 1529 hominis,
1017 1452 1046 1516 si
1068 1454 1194 1533 quidem

258 1568 386 1634 rationis
410 1567 576 1634 accesserit
601 1566 816 1646 moderamen,
849 1567 888 1630 ad
908 1567 1055 1633 virtutem
1077 1570 1194 1636 honer-

256 1701 414 1769 memque
440 1700 638 1768 permagnam
665 1701 754 1762 esse,
785 1684 857 1750 hinc
883 1700 978 1767 patet.
1044 1688 1193 1756 Cernitur

254 1819 357 1869 autent
384 1806 416 1868 in
445 1801 555 1867 iisdem
577 1801 665 1865 hisce
689 1801 861 1866 arctissima
886 1805 1034 1883 quaedam
1063 1806 1191 1872 virtutis
1249 1785 1257 1793 ’

253 1915 473 1999 felicitatisque
486 1915 697 1983 necessitudo.
741 1918 838 2004 Quod
854 1918 887 1980 in
908 1919 1016 2009 codem
1034 1921 1090 1985 illo
1107 1941 1193 1987 amo·

234 2034 297 2103 sia
318 2035 437 2116 hymno
460 2034 566 2113 Plato,
600 2048 634 2099 ut
670 2036 702 2098 in
733 2033 948 2117 superioribus
977 2035 1192 2104 animaduerti·

256 2170 347 2229 mus,
382 2151 457 2216 mira
480 2152 672 2216 sublimitate
695 2151 871 2218 celebravit.
948 2153 1031 2221 Nam
1061 2173 1188 2238 amans,

255 2268 299 2333 ait
319 2268 485 2347 Socrates,
509 2283 602 2333 uteo
625 2287 690 2349 quo
711 2268 846 2335 diximus
868 2271 984 2349 modo,
1011 2274 1110 2338 altero
1132 2272 1187 2339 illo

244 2402 339 2466 -equo
366 2385 513 2469 adjutus,
536 2405 646 2469 pravas
672 2385 858 2467 cupiditates
881 2387 957 2454 vicit
979 2391 1188 2476 domuitque,

256 2521 320 2586 quo
344 2504 411 2586 ipse
431 2505 565 2586 agitatur
583 2523 709 2581 amore,
743 2505 850 2569 eodem
876 2509 937 2588 jam
970 2506 1083 2573 imbuit
1105 2529 1187 2575 ama·

253 2622 348 2688 siunt.
392 2624 486 2688 Amat
505 2622 600 2705 igitur
618 2638 649 2687 ct
669 2622 775 2700 hicce,
798 2641 987 2704 quamquam
1008 2623 1085 2706 quid
1104 2641 1185 2689 amet

253 2741 363 2806 nescit.
428 2740 479 2805 Fit
497 2756 597 2805 autent
618 2758 722 2804 amore
750 2753 884 2816 mutuo,
916 2752 952 2800 ut
973 2751 1130 2819 tamquam
1150 2740 1183 2804 in

252 2859 403 2940 speculo,
436 2856 481 2922 sic
511 2858 541 2922 in
574 2874 712 2934 amante,
747 2869 844 2919 semet
878 2855 981 2937 ipsum
1020 2856 1181 2939 adspiciat.

251 2973 376 3042 Absens
401 2975 496 3056 igitur
514 2976 666 3040 desiderat
692 2991 787 3051 eunt,
822 2987 856 3036 ut
876 2971 915 3038 ab
937 2991 974 3036 eo
994 2972 1186 3039 desideratur

252 3090 410 3169 vicissim,
433 3107 489 3154 nec
519 3092 687 3174 quidquam
718 3091 805 3174 cupit
834 3090 1069 3172 vehementius,
1092 3113 1184 3174 quam

250 3224 286 3272 ut
315 3225 435 3289 semper
458 3225 528 3271 cum
555 3227 592 3270 co
620 3209 661 3271 sit
689 3227 762 3275 una.
806 3210 849 3275 Et
877 3209 923 3273 sic
945 3209 1069 3288 quidem
1091 3211 1184 3274 ambo

250 3326 367 3391 beatam
390 3340 484 3405 atquc
511 3326 697 3388 concordent
726 3340 926 3404 praesentem·
948 3342 1045 3405 agunt
1068 3327 1185 3406 vitam,

1119 3464 1187 3509 nto·

284 3582 326 3651 (ι)
347 3579 443 3632 Altero
473 3576 530 3627 sere
556 3593 625 3645 equo
656 3574 790 3626 Platonici
812 3577 861 3633 τὸν
884 3576 965 3646 inpio
992 3576 1185 3629 intellexerunt

251 3664 553 3735 V.1ntpp.adb.loca·
593 3665 655 3720 Non
679 3664 787 3733 quidem
808 3667 917 3732 inepte:
946 3684 1008 3717 nam
1027 3664 1097 3732 apud
1120 3665 1186 3715 Pla-

250 3778 340 3823 ionem
358 3777 409 3824 iarn
427 3764 526 3841 inpube,
553 3783 633 3835 quarn
655 3763 722 3815 recti
742 3780 836 3826 arnor,
857 3765 955 3818 rationi
972 3764 1120 3828 succurrit3
1138 3765 1185 3816 tad

250 3859 441 3929 philosophus,
476 3878 535 3910 cum
565 3855 715 3907 Phaedrum
747 3855 903 3917 scriberet,
931 3851 1049 3905 nonduin
1078 3853 1185 3906 ridetur

251 3956 387 4008 notionum
406 3955 492 4024 θυμοῦ
510 3954 574 4005 satis
590 3952 643 4003 tibi
660 3950 787 4003 distincie
805 3949 991 4019 proposuisse:
1011 3946 1062 4002 hoc
1080 3949 1184 4003 demunt

253 4047 280 4096 iu
297 4042 394 4096 l‘oiitii
414 4046 487 4109 epit,
512 4048 542 4094 nt
559 4041 627 4093 inira
645 4041 820 4095 monebimus.
