2896 5168
780 517 928 576 „4-

386 697 419 746 ut
443 681 582 744 salutaris
604 680 713 760 partim
736 678 796 744 fult
821 696 903 743 nova
932 675 983 740 illa
1010 673 1180 756 superioris
1206 671 1322 739 saeculi
1413 685 1419 695 ·

385 797 628 880 philosophandi
661 783 771 872 ¹rati0,
815 796 876 873 ita,
920 792 1026 875 prouti
1071 791 1101 854 in
1140 792 1324 874 praecedeu-

385 914 425 976 tis
459 912 681 995 disputationis
712 910 839 976 exordio
862 909 1063 989 monuimus,
1098 907 1208 989 partim
1232 907 1322 972 etiam

387 1045 415 1092 et
450 1044 524 1093 tunc
552 1029 662 1094 nocuit
690 1029 839 1110 Europae
861 1025 1006 1108 gentibus
1035 1040 1067 1090 et
1092 1025 1185 1090 nobis
1218 1025 1325 1090 etiam·

386 1163 469 1210 nune
504 1161 597 1210 nocet
636 1145 848 1208 vehementer.
912 1140 1009 1225 Quod
1049 1138 1194 1222 profecto
1240 1139 1324 1206 haud

386 1261 477 1326 facile
499 1259 531 1324 in
553 1259 682 1326 dubium
705 1256 888 1338 vocaverit,
920 1258 1101 1342 quicunque
1133 1270 1324 1338 praesentem

387 1375 608 1458 philosophiae
632 1373 847 1439 conditionem
876 1371 1038 1454 diligenter
1064 1371 1324 1439 animadverterit.

386 1494 511 1559 Adsunt
545 1492 670 1572 quidem
705 1488 808 1556 ubivis
844 1488 980 1570 germani
1014 1487 1220 1573 philosophi,
1266 1487 1327 1551 viri

387 1607 554 1673 liberaliter
590 1604 754 1689 instituti,
793 1605 891 1671 literis
922 1606 1105 1688 artibusque
1141 1604 1256 1670 exculti
1289 1623 1325 1670 ac

389 1723 560 1808 perpoliti,
592 1743 648 1789 nec
675 1724 811 1805 desunt,
846 1723 903 1807 qui
932 1723 995 1788 illis
1021 1720 1163 1803 faveant,
1195 1720 1327 1803 fierique

388 1860 494 1905 eorum
521 1840 673 1924 sapientia
705 1839 847 1904 meliores
878 1835 1146 1918 sapientioresque
1176 1837 1328 1903 nitantur.

390 1957 451 2019 Sed
480 1936 539 2018 rari
578 1969 652 2018 suut
686 1951 732 2018 illi
765 1953 798 2016 in
837 1951 970 2034 singulis
1001 1949 1066 2016 fere
1098 1952 1266 2034 gentibus,
1295 1966 1327 2019 et

389 2089 452 2132 vox
488 2088 596 2133 eorum
634 2069 803 2151 quominus
838 2068 881 2132 ab
920 2067 1048 2151 optimis
1081 2068 1262 2153 quibusque
1298 2084 1330 2136 et

390 2181 620 2251 honestissimis
647 2185 851 2267 exaudiatur,
873 2185 991 2250 clamor
1019 2187 1234 2270 strepitusque
1252 2187 1330 2252 alio·

390 2318 459 2367 rum
489 2299 597 2380 efficit,
642 2301 698 2382 qui
727 2319 760 2365 se
796 2303 883 2367 solos
921 2319 1028 2384 sapere
1055 2304 1195 2387 jactant,
1234 2301 1332 2385 idque

391 2414 525 2498 profano
546 2418 643 2500 vulgo
667 2419 852 2499 persuadent
880 2417 991 2498 facile,
1014 2419 1131 2501 quippe
1152 2421 1184 2483 in
1206 2421 1328 2485 summa

394 2533 544 2598 orationis
563 2533 771 2615 obscuritate,
795 2554 887 2617 quam
915 2537 1006 2601 hemo
1030 2534 1199 2619 intelligit,
1223 2554 1332 2601 recon-

394 2648 488 2714 ditam
521 2650 693 2732 quandam,
727 2652 754 2716 si
786 2653 847 2717 Dls
884 2654 1004 2735 placet,
1046 2653 1225 2735 sapientiam
1258 2670 1332 2736 pro·

395 2761 541 2831 ferentes.
584 2767 693 2849 ltaque
720 2770 859 2849 neglecta
890 2768 984 2832 hodie
1011 2782 1233 2851 contentaque
1260 2768 1332 2849 plna

397 2884 541 2966 losophia
565 2901 633 2950 est:
677 2903 710 2950 ac
732 2889 850 2950 malunt
873 2885 1031 2950 erectioris
1059 2885 1173 2950 indolis
1198 2887 1329 2971 iuvenes

398 2998 449 3063 uel
473 3000 571 3065 literis
600 3004 649 3065 vel
680 3003 831 3068 doctrinis
858 3005 909 3067 vel
940 3019 1066 3068 naturae
1092 3003 1332 3083 perscrutationi

401 3133 525 3197 operam
546 3134 676 3198 navare,
698 3137 788 3199 quatu
823 3119 893 3185 istis
920 3119 1085 3185 immisceri
1112 3111 1332 3209 philosophis,

403 3249 538 3311 quorum
559 3251 706 3298 numerus
729 3235 845 3302 indies
866 3236 1026 3301 hominurn
1050 3255 1161 3319 genere
1180 3251 1332 3319 augetur,

405 3365 470 3426 quo
496 3348 615 3412 nullum
645 3353 755 3415 natura
786 3351 883 3431 tnagis
914 3373 931 3416 a
963 3353 1085 3417 sincero
1118 3351 1336 3436 philosophiae

406 3462 513 3528 studio
542 3463 707 3544 abhorret,
731 3465 933 3532 fanaticorum
955 3486 985 3533 et
1005 3473 1219 3552 mysticorum.
1272 3471 1334 3537 Sed

407 3597 554 3660 praesens
576 3580 794 3664 philosophiae
817 3584 956 3649 conditio
977 3589 1145 3672 majoribus
1163 3590 1251 3652 etiam
1273 3589 1336 3653 cla-

408 3693 502 3757 dibus
528 3709 681 3776 prostrata
700 3699 792 3781 jacet.
857 3699 936 3765 Nam
963 3720 1083 3784 patrum
1109 3690 1277 3786 memoria,
1300 3718 1335 3769 ut

407 3810 562 3890 diximus,
584 3828 735 3878 unacum
756 3815 1020 3883 excellentissimis
1042 3819 1258 3902 philosophis,
1284 3840 1336 3888 so·

410 3925 532 4006 phistae
562 3926 687 4007 ubiuis,
720 3933 897 4011 praesertim
930 3938 962 3999 in
992 3935 1106 4015 Anglii
1128 3948 1163 4001 et·
1185 3937 1337 4020 Francia,

411 4041 614 4124 prodierunt,
637 4044 692 4124 qui
711 4049 837 4114 moralis
855 4050 1033 4130 doctrinae,
1055 4071 1146 4132 quarn
1165 4053 1245 4118 tueri
1266 4073 1339 4137 pro·

1304 4172 1340 4235 fi.
