<?xml version="1.0" encoding="UTF-8"?>
<!DOCTYPE html PUBLIC "-//W3C//DTD XHTML 1.0 Transitional//EN"
    "http://www.w3.org/TR/xhtml1/DTD/xhtml1-transitional.dtd">
<html xmlns="http://www.w3.org/1999/xhtml" xml:lang="en" lang="en">
 <head>
  <title>
</title>
<meta http-equiv="Content-Type" content="text/html;charset=utf-8" />
  <meta name='ocr-system' content='tesseract 3.04.00' />
  <meta name='ocr-capabilities' content='ocr_page ocr_carea ocr_par ocr_line ocrx_word'/>
</head>
<body>
  <div class='ocr_page' id='page_1' title='image "./initiaphilosoph04heusgoog_0184.png"; bbox 0 0 2896 5168; ppageno 0'>
   <div class='ocr_carea' id='block_1_1' title="bbox 489 448 715 514">
    <p class='ocr_par' dir='ltr' id='par_1_1' title="bbox 489 448 715 514">
     <span class='ocr_line' id='line_1_1' title="bbox 489 448 715 514; baseline 0.009 -31"><span class='ocrx_word' id='word_1_1' title='bbox 489 448 715 514; x_wconf 50' lang='grc' dir='ltr'><strong>...ψ</strong></span> 
     </span>
    </p>
   </div>
   <div class='ocr_carea' id='block_1_2' title="bbox 146 609 1106 3990">
    <p class='ocr_par' dir='ltr' id='par_1_2' title="bbox 146 609 1106 3990">
     <span class='ocr_line' id='line_1_2' title="bbox 147 609 1078 695; baseline -0.003 -13"><span class='ocrx_word' id='word_1_2' title='bbox 147 614 243 682; x_wconf 78' lang='lat' dir='ltr'><strong>hacce</strong></span> <span class='ocrx_word' id='word_1_3' title='bbox 264 612 430 694; x_wconf 87' lang='lat' dir='ltr'><strong>utriusque</strong></span> <span class='ocrx_word' id='word_1_4' title='bbox 451 610 536 694; x_wconf 82' lang='lat' dir='ltr'><strong>riri,</strong></span> <span class='ocrx_word' id='word_1_5' title='bbox 557 610 670 695; x_wconf 91' lang='lat' dir='ltr'><strong>optimi</strong></span> <span class='ocrx_word' id='word_1_6' title='bbox 697 624 729 679; x_wconf 83' lang='lat' dir='ltr'><strong>et</strong></span> <span class='ocrx_word' id='word_1_7' title='bbox 753 609 902 693; x_wconf 77' lang='lat' dir='ltr'>pessimi,</span> <span class='ocrx_word' id='word_1_8' title='bbox 929 629 1020 694; x_wconf 83' lang='lat' dir='ltr'><strong>quam</strong></span> <span class='ocrx_word' id='word_1_9' title='bbox 1045 614 1078 680; x_wconf 88' lang='lat' dir='ltr'><strong>in</strong></span> 
     </span>
     <span class='ocr_line' id='line_1_3' title="bbox 148 728 1078 816; baseline 0.003 -21"><span class='ocrx_word' id='word_1_10' title='bbox 148 730 269 797; x_wconf 82' lang='lat' dir='ltr'><strong>Politia</strong></span> <span class='ocrx_word' id='word_1_11' title='bbox 289 749 373 796; x_wconf 90' lang='lat' dir='ltr'><strong>nunc</strong></span> <span class='ocrx_word' id='word_1_12' title='bbox 390 728 483 794; x_wconf 90' lang='lat' dir='ltr'><strong>nobis</strong></span> <span class='ocrx_word' id='word_1_13' title='bbox 503 731 659 811; x_wconf 81' lang='lat' dir='ltr'><strong>ostendit,</strong></span> <span class='ocrx_word' id='word_1_14' title='bbox 678 730 801 811; x_wconf 86' lang='lat' dir='ltr'><strong>specie,</strong></span> <span class='ocrx_word' id='word_1_15' title='bbox 823 730 1078 816; x_wconf 87' lang='lat' dir='ltr'><strong>supplereiiind,</strong></span> 
     </span>
     <span class='ocr_line' id='line_1_4' title="bbox 147 846 1077 931; baseline 0.003 -19"><span class='ocrx_word' id='word_1_16' title='bbox 147 849 181 912; x_wconf 92' lang='lat' dir='ltr'><strong>ni</strong></span> <span class='ocrx_word' id='word_1_17' title='bbox 202 846 359 925; x_wconf 87' lang='lat' dir='ltr'><strong>fallimur,</strong></span> <span class='ocrx_word' id='word_1_18' title='bbox 383 861 483 910; x_wconf 89' lang='lat' dir='ltr'><strong>totum</strong></span> <span class='ocrx_word' id='word_1_19' title='bbox 504 847 622 912; x_wconf 86' lang='lat' dir='ltr'><strong>licebit.</strong></span> <span class='ocrx_word' id='word_1_20' title='bbox 667 849 747 912; x_wconf 87' lang='lat' dir='ltr'><strong>Nam</strong></span> <span class='ocrx_word' id='word_1_21' title='bbox 771 865 944 913; x_wconf 90' lang='lat' dir='ltr'><strong>monstrum</strong></span> <span class='ocrx_word' id='word_1_22' title='bbox 968 849 1077 931; x_wconf 88' lang='lat' dir='ltr'><strong>istud,</strong></span> 
     </span>
     <span class='ocr_line' id='line_1_5' title="bbox 148 963 1081 1048; baseline 0.006 -22"><span class='ocrx_word' id='word_1_23' title='bbox 148 982 215 1045; x_wconf 91' lang='lat' dir='ltr'><strong>quo</strong></span> <span class='ocrx_word' id='word_1_24' title='bbox 237 963 421 1044; x_wconf 84' lang='lat' dir='ltr'><strong>cupiditates</strong></span> <span class='ocrx_word' id='word_1_25' title='bbox 440 963 534 1029; x_wconf 91' lang='lat' dir='ltr'><strong>animi</strong></span> <span class='ocrx_word' id='word_1_26' title='bbox 558 963 766 1048; x_wconf 85' lang='lat' dir='ltr'><strong>significavit,</strong></span> <span class='ocrx_word' id='word_1_27' title='bbox 794 981 913 1047; x_wconf 88' lang='lat' dir='ltr'><strong>praeter</strong></span> <span class='ocrx_word' id='word_1_28' title='bbox 933 965 1014 1032; x_wconf 87' lang='lat' dir='ltr'><strong>feras</strong></span> <span class='ocrx_word' id='word_1_29' title='bbox 1032 967 1081 1032; x_wconf 90' lang='lat' dir='ltr'><strong>in·</strong></span> 
     </span>
     <span class='ocr_line' id='line_1_6' title="bbox 148 1054 1082 1166; baseline 0.009 -24"><span class='ocrx_word' id='word_1_30' title='bbox 148 1054 364 1160; x_wconf 81' lang='lat' dir='ltr'><strong>domitasque,</strong></span> <span class='ocrx_word' id='word_1_31' title='bbox 388 1096 561 1146; x_wconf 88' lang='lat' dir='ltr'><strong>mansuetas</strong></span> <span class='ocrx_word' id='word_1_32' title='bbox 580 1083 672 1146; x_wconf 90' lang='lat' dir='ltr'><strong>etiam</strong></span> <span class='ocrx_word' id='word_1_33' title='bbox 701 1081 899 1164; x_wconf 83' lang='lat' dir='ltr'><strong>optimasque</strong></span> <span class='ocrx_word' id='word_1_34' title='bbox 925 1084 1082 1166; x_wconf 83' lang='lat' dir='ltr'><strong>cupidita·</strong></span> 
     </span>
     <span class='ocr_line' id='line_1_7' title="bbox 147 1197 1079 1279; baseline 0.008 -20"><span class='ocrx_word' id='word_1_35' title='bbox 147 1209 195 1262; x_wconf 86' lang='lat' dir='ltr'><strong>tes</strong></span> <span class='ocrx_word' id='word_1_36' title='bbox 211 1197 372 1261; x_wconf 90' lang='lat' dir='ltr'><strong>continet:</strong></span> <span class='ocrx_word' id='word_1_37' title='bbox 393 1197 426 1261; x_wconf 91' lang='lat' dir='ltr'><strong>in</strong></span> <span class='ocrx_word' id='word_1_38' title='bbox 448 1198 564 1279; x_wconf 89' lang='lat' dir='ltr'><strong>quibus</strong></span> <span class='ocrx_word' id='word_1_39' title='bbox 584 1199 661 1263; x_wconf 87' lang='lat' dir='ltr'><strong>aiter</strong></span> <span class='ocrx_word' id='word_1_40' title='bbox 680 1199 732 1262; x_wconf 89' lang='lat' dir='ltr'><strong>iiie</strong></span> <span class='ocrx_word' id='word_1_41' title='bbox 751 1218 858 1279; x_wconf 91' lang='lat' dir='ltr'><strong>amor,</strong></span> <span class='ocrx_word' id='word_1_42' title='bbox 881 1199 913 1264; x_wconf 93' lang='lat' dir='ltr'><strong>in</strong></span> <span class='ocrx_word' id='word_1_43' title='bbox 934 1197 1079 1266; x_wconf 79' lang='lat' dir='ltr'><strong>Phaedro</strong></span> 
     </span>
     <span class='ocr_line' id='line_1_8' title="bbox 149 1314 1079 1402; baseline 0.006 -24"><span class='ocrx_word' id='word_1_44' title='bbox 149 1332 166 1378; x_wconf 88' lang='lat' dir='ltr'><strong>a</strong></span> <span class='ocrx_word' id='word_1_45' title='bbox 195 1314 323 1381; x_wconf 87' lang='lat' dir='ltr'><strong>Platone</strong></span> <span class='ocrx_word' id='word_1_46' title='bbox 347 1328 379 1379; x_wconf 93' lang='lat' dir='ltr'><strong>et</strong></span> <span class='ocrx_word' id='word_1_47' title='bbox 409 1318 562 1402; x_wconf 79' lang='lat' dir='ltr'><strong>Symposio</strong></span> <span class='ocrx_word' id='word_1_48' title='bbox 592 1317 792 1382; x_wconf 88' lang='lat' dir='ltr'><strong>vehementer</strong></span> <span class='ocrx_word' id='word_1_49' title='bbox 820 1319 1079 1398; x_wconf 83' lang='lat' dir='ltr'><strong>commendatus,</strong></span> 
     </span>
     <span class='ocr_line' id='line_1_9' title="bbox 149 1428 1080 1518; baseline 0.008 -23"><span class='ocrx_word' id='word_1_50' title='bbox 149 1428 302 1513; x_wconf 77' lang='lat' dir='ltr'><strong>insignem</strong></span> <span class='ocrx_word' id='word_1_51' title='bbox 339 1450 412 1498; x_wconf 88' lang='lat' dir='ltr'><strong>sane</strong></span> <span class='ocrx_word' id='word_1_52' title='bbox 446 1432 550 1500; x_wconf 90' lang='lat' dir='ltr'><strong>locum</strong></span> <span class='ocrx_word' id='word_1_53' title='bbox 590 1433 695 1500; x_wconf 84' lang='lat' dir='ltr'><strong>habet.</strong></span> <span class='ocrx_word' id='word_1_54' title='bbox 757 1435 949 1518; x_wconf 76' lang='lat' dir='ltr'><strong>Adiunctum</strong></span> <span class='ocrx_word' id='word_1_55' title='bbox 977 1451 1080 1502; x_wconf 90' lang='lat' dir='ltr'><strong>autem</strong></span> 
     </span>
     <span class='ocr_line' id='line_1_10' title="bbox 151 1549 1106 1634; baseline 0.005 -21"><span class='ocrx_word' id='word_1_56' title='bbox 151 1563 294 1613; x_wconf 88' lang='lat' dir='ltr'><strong>monstro</strong></span> <span class='ocrx_word' id='word_1_57' title='bbox 313 1549 426 1615; x_wconf 75' lang='lat' dir='ltr'><strong>leonem</strong></span> <span class='ocrx_word' id='word_1_58' title='bbox 449 1567 531 1615; x_wconf 90' lang='lat' dir='ltr'><strong>nunc</strong></span> <span class='ocrx_word' id='word_1_59' title='bbox 552 1551 735 1633; x_wconf 86' lang='lat' dir='ltr'><strong>cernimus,</strong></span> <span class='ocrx_word' id='word_1_60' title='bbox 764 1550 819 1634; x_wconf 86' lang='lat' dir='ltr'><strong>qui</strong></span> <span class='ocrx_word' id='word_1_61' title='bbox 841 1551 953 1617; x_wconf 85' lang='lat' dir='ltr'><strong>rationi</strong></span> <span class='ocrx_word' id='word_1_62' title='bbox 976 1551 1084 1618; x_wconf 86' lang='lat' dir='ltr'><strong>obedi·</strong></span> <span class='ocrx_word' id='word_1_63' title='bbox 1102 1598 1106 1605; x_wconf 86' lang='lat'><em>-</em></span> 
     </span>
     <span class='ocr_line' id='line_1_11' title="bbox 149 1662 1082 1749; baseline 0.004 -19"><span class='ocrx_word' id='word_1_64' title='bbox 149 1681 231 1742; x_wconf 87' lang='lat' dir='ltr'><strong>ens,</strong></span> <span class='ocrx_word' id='word_1_65' title='bbox 253 1680 285 1729; x_wconf 91' lang='lat' dir='ltr'><strong>et</strong></span> <span class='ocrx_word' id='word_1_66' title='bbox 305 1662 386 1730; x_wconf 82' lang='lat' dir='ltr'><strong>feras</strong></span> <span class='ocrx_word' id='word_1_67' title='bbox 406 1684 604 1747; x_wconf 86' lang='lat' dir='ltr'><strong>compescere</strong></span> <span class='ocrx_word' id='word_1_68' title='bbox 626 1667 838 1749; x_wconf 88' lang='lat' dir='ltr'><strong>cupiditates,</strong></span> <span class='ocrx_word' id='word_1_69' title='bbox 859 1685 891 1733; x_wconf 87' lang='lat' dir='ltr'><strong>et</strong></span> <span class='ocrx_word' id='word_1_70' title='bbox 912 1669 1082 1735; x_wconf 83' lang='lat' dir='ltr'><strong>mansuetis</strong></span> 
     </span>
     <span class='ocr_line' id='line_1_12' title="bbox 150 1782 1086 1869; baseline 0.009 -25"><span class='ocrx_word' id='word_1_71' title='bbox 150 1782 301 1863; x_wconf 85' lang='lat' dir='ltr'><strong>prodesse</strong></span> <span class='ocrx_word' id='word_1_72' title='bbox 311 1783 443 1862; x_wconf 84' lang='lat' dir='ltr'><strong>debeat,</strong></span> <span class='ocrx_word' id='word_1_73' title='bbox 461 1802 522 1865; x_wconf 87' lang='lat' dir='ltr'><strong>qua</strong></span> <span class='ocrx_word' id='word_1_74' title='bbox 534 1791 587 1854; x_wconf 75' lang='grc' dir='ltr'><strong>τοῦ</strong></span> <span class='ocrx_word' id='word_1_75' title='bbox 600 1787 765 1867; x_wconf 66' lang='lat' dir='ltr'><strong>sumerton</strong></span> <span class='ocrx_word' id='word_1_76' title='bbox 783 1783 898 1849; x_wconf 87' lang='lat' dir='ltr'><strong>invicta</strong></span> <span class='ocrx_word' id='word_1_77' title='bbox 915 1785 965 1850; x_wconf 85' lang='lat' dir='ltr'><strong>vis</strong></span> <span class='ocrx_word' id='word_1_78' title='bbox 984 1785 1086 1869; x_wconf 87' lang='lat' dir='ltr'><strong>signi·</strong></span> 
     </span>
     <span class='ocr_line' id='line_1_13' title="bbox 150 1899 1082 1984; baseline 0.005 -20"><span class='ocrx_word' id='word_1_79' title='bbox 150 1899 273 1967; x_wconf 82' lang='lat' dir='ltr'><strong>ficatur.</strong></span> <span class='ocrx_word' id='word_1_80' title='bbox 314 1900 350 1967; x_wconf 93' lang='lat' dir='ltr'><strong>Id</strong></span> <span class='ocrx_word' id='word_1_81' title='bbox 379 1899 434 1967; x_wconf 88' lang='lat' dir='ltr'><strong>ubi</strong></span> <span class='ocrx_word' id='word_1_82' title='bbox 461 1900 682 1967; x_wconf 82' lang='lat' dir='ltr'><strong>attenderimus</strong></span> <span class='ocrx_word' id='word_1_83' title='bbox 710 1900 897 1984; x_wconf 85' lang='lat' dir='ltr'><strong>diiigenter,</strong></span> <span class='ocrx_word' id='word_1_84' title='bbox 930 1902 975 1967; x_wconf 91' lang='lat' dir='ltr'><strong>nil</strong></span> <span class='ocrx_word' id='word_1_85' title='bbox 1001 1902 1082 1984; x_wconf 87' lang='lat' dir='ltr'><strong>erit,</strong></span> 
     </span>
     <span class='ocr_line' id='line_1_14' title="bbox 152 2016 1086 2102; baseline 0.002 -18"><span class='ocrx_word' id='word_1_86' title='bbox 152 2017 240 2097; x_wconf 86' lang='lat' dir='ltr'><strong>quod</strong></span> <span class='ocrx_word' id='word_1_87' title='bbox 261 2016 293 2083; x_wconf 91' lang='lat' dir='ltr'><strong>in</strong></span> <span class='ocrx_word' id='word_1_88' title='bbox 313 2036 464 2098; x_wconf 89' lang='lat' dir='ltr'><strong>equorum</strong></span> <span class='ocrx_word' id='word_1_89' title='bbox 486 2032 580 2100; x_wconf 89' lang='lat' dir='ltr'><strong>atque</strong></span> <span class='ocrx_word' id='word_1_90' title='bbox 599 2017 724 2098; x_wconf 72' lang='lat' dir='ltr'><strong>aurigae</strong></span> <span class='ocrx_word' id='word_1_91' title='bbox 742 2036 814 2085; x_wconf 92' lang='lat' dir='ltr'><strong>cum</strong></span> <span class='ocrx_word' id='word_1_92' title='bbox 835 2017 939 2083; x_wconf 85' lang='lat' dir='ltr'><strong>animo</strong></span> <span class='ocrx_word' id='word_1_93' title='bbox 959 2038 1086 2102; x_wconf 82' lang='lat' dir='ltr'><strong>comps·</strong></span> 
     </span>
     <span class='ocr_line' id='line_1_15' title="bbox 151 2134 1081 2228; baseline 0.003 -26"><span class='ocrx_word' id='word_1_94' title='bbox 151 2134 273 2202; x_wconf 87' lang='lat' dir='ltr'><strong>ratione</strong></span> <span class='ocrx_word' id='word_1_95' title='bbox 292 2135 512 2200; x_wconf 75' lang='lat' dir='ltr'><strong>desideremus.</strong></span> <span class='ocrx_word' id='word_1_96' title='bbox 542 2134 625 2200; x_wconf 91' lang='lat' dir='ltr'><strong>Nam</strong></span> <span class='ocrx_word' id='word_1_97' title='bbox 647 2136 732 2199; x_wconf 90' lang='lat' dir='ltr'><strong>aiteri</strong></span> <span class='ocrx_word' id='word_1_98' title='bbox 752 2154 836 2216; x_wconf 88' lang='lat' dir='ltr'><strong>equo</strong></span> <span class='ocrx_word' id='word_1_99' title='bbox 855 2135 921 2216; x_wconf 89' lang='lat' dir='ltr'><strong>illi,</strong></span> <span class='ocrx_word' id='word_1_100' title='bbox 941 2140 983 2220; x_wconf 69' lang='grc' dir='ltr'><strong>τῷ</strong></span> <span class='ocrx_word' id='word_1_101' title='bbox 996 2140 1081 2228; x_wconf 67' lang='grc' dir='ltr'><em>ὀρθῷ.</em></span> 
     </span>
     <span class='ocr_line' id='line_1_16' title="bbox 151 2251 1084 2338; baseline -0.002 -17"><span class='ocrx_word' id='word_1_102' title='bbox 151 2256 194 2338; x_wconf 71' lang='grc' dir='ltr'><strong>τῷ</strong></span> <span class='ocrx_word' id='word_1_103' title='bbox 212 2256 330 2336; x_wconf 68' lang='lat' dir='ltr'><strong>russin,</strong></span> <span class='ocrx_word' id='word_1_104' title='bbox 351 2251 428 2333; x_wconf 91' lang='lat' dir='ltr'><strong>qui,</strong></span> <span class='ocrx_word' id='word_1_105' title='bbox 450 2265 486 2316; x_wconf 91' lang='lat' dir='ltr'><strong>ut</strong></span> <span class='ocrx_word' id='word_1_106' title='bbox 509 2266 710 2331; x_wconf 86' lang='lat' dir='ltr'><strong>mansuetus,</strong></span> <span class='ocrx_word' id='word_1_107' title='bbox 731 2251 821 2318; x_wconf 89' lang='lat' dir='ltr'><strong>freno</strong></span> <span class='ocrx_word' id='word_1_108' title='bbox 842 2253 991 2320; x_wconf 90' lang='lat' dir='ltr'><strong>obediens</strong></span> <span class='ocrx_word' id='word_1_109' title='bbox 1012 2268 1084 2337; x_wconf 86' lang='lat' dir='ltr'><strong>est,</strong></span> 
     </span>
     <span class='ocr_line' id='line_1_17' title="bbox 153 2367 1084 2452; baseline -0.001 -15"><span class='ocrx_word' id='word_1_110' title='bbox 153 2385 219 2437; x_wconf 89' lang='lat' dir='ltr'><strong>non</strong></span> <span class='ocrx_word' id='word_1_111' title='bbox 245 2369 346 2432; x_wconf 88' lang='lat' dir='ltr'><strong>solum</strong></span> <span class='ocrx_word' id='word_1_112' title='bbox 368 2367 445 2434; x_wconf 91' lang='lat' dir='ltr'><strong>recti</strong></span> <span class='ocrx_word' id='word_1_113' title='bbox 471 2388 629 2452; x_wconf 88' lang='lat' dir='ltr'><strong>amorem,</strong></span> <span class='ocrx_word' id='word_1_114' title='bbox 661 2369 716 2434; x_wconf 89' lang='lat' dir='ltr'><strong>sed</strong></span> <span class='ocrx_word' id='word_1_115' title='bbox 738 2371 801 2436; x_wconf 86' lang='lat' dir='ltr'><strong>vim</strong></span> <span class='ocrx_word' id='word_1_116' title='bbox 829 2370 903 2435; x_wconf 92' lang='lat' dir='ltr'><strong>item</strong></span> <span class='ocrx_word' id='word_1_117' title='bbox 928 2386 960 2436; x_wconf 90' lang='lat' dir='ltr'><strong>et</strong></span> <span class='ocrx_word' id='word_1_118' title='bbox 985 2369 1084 2436; x_wconf 87' lang='lat' dir='ltr'><strong>robur</strong></span> 
     </span>
     <span class='ocr_line' id='line_1_18' title="bbox 146 2485 1086 2569; baseline 0.005 -14"><span class='ocrx_word' id='word_1_119' title='bbox 146 2492 207 2555; x_wconf 76' lang='lat' dir='ltr'><strong>-roi</strong></span> <span class='ocrx_word' id='word_1_120' title='bbox 228 2489 390 2569; x_wconf 75' lang='grc' dir='ltr'><strong><em>θυμοειδοῦς</em></strong></span> <span class='ocrx_word' id='word_1_121' title='bbox 410 2485 598 2551; x_wconf 89' lang='lat' dir='ltr'><strong>tribuemus.</strong></span> <span class='ocrx_word' id='word_1_122' title='bbox 634 2486 681 2552; x_wconf 86' lang='lat' dir='ltr'><strong>Ita</strong></span> <span class='ocrx_word' id='word_1_123' title='bbox 704 2506 780 2553; x_wconf 84' lang='lat' dir='ltr'><strong>vero</strong></span> <span class='ocrx_word' id='word_1_124' title='bbox 800 2485 880 2552; x_wconf 91' lang='lat' dir='ltr'><strong>nihil</strong></span> <span class='ocrx_word' id='word_1_125' title='bbox 900 2488 980 2568; x_wconf 85' lang='lat' dir='ltr'><strong>crit,</strong></span> <span class='ocrx_word' id='word_1_126' title='bbox 997 2488 1086 2568; x_wconf 81' lang='lat' dir='ltr'><strong>quod</strong></span> 
     </span>
     <span class='ocr_line' id='line_1_19' title="bbox 152 2601 1085 2684; baseline 0 -16"><span class='ocrx_word' id='word_1_127' title='bbox 152 2602 293 2684; x_wconf 82' lang='lat' dir='ltr'><strong>requirat</strong></span> <span class='ocrx_word' id='word_1_128' title='bbox 315 2601 414 2683; x_wconf 88' lang='lat' dir='ltr'><strong>ratio,</strong></span> <span class='ocrx_word' id='word_1_129' title='bbox 443 2616 478 2666; x_wconf 92' lang='lat' dir='ltr'><strong>ut</strong></span> <span class='ocrx_word' id='word_1_130' title='bbox 505 2619 565 2667; x_wconf 87' lang='lat' dir='ltr'><strong>nos</strong></span> <span class='ocrx_word' id='word_1_131' title='bbox 592 2617 675 2667; x_wconf 84' lang='lat' dir='ltr'><strong>recte</strong></span> <span class='ocrx_word' id='word_1_132' title='bbox 697 2601 861 2682; x_wconf 82' lang='lat' dir='ltr'><strong>gubernet.</strong></span> <span class='ocrx_word' id='word_1_133' title='bbox 906 2602 1085 2669; x_wconf 81' lang='lat' dir='ltr'><strong>Observan-</strong></span> 
     </span>
     <span class='ocr_line' id='line_1_20' title="bbox 149 2715 1085 2800; baseline -0.002 -16"><span class='ocrx_word' id='word_1_134' title='bbox 149 2718 226 2784; x_wconf 90' lang='lat' dir='ltr'><strong>dum</strong></span> <span class='ocrx_word' id='word_1_135' title='bbox 244 2721 305 2784; x_wconf 88' lang='lat' dir='ltr'><strong>hoc</strong></span> <span class='ocrx_word' id='word_1_136' title='bbox 322 2716 492 2798; x_wconf 83' lang='lat' dir='ltr'><strong>duximus,</strong></span> <span class='ocrx_word' id='word_1_137' title='bbox 512 2731 548 2781; x_wconf 92' lang='lat' dir='ltr'><strong>ut</strong></span> <span class='ocrx_word' id='word_1_138' title='bbox 570 2715 672 2798; x_wconf 88' lang='lat' dir='ltr'><strong>ipsius</strong></span> <span class='ocrx_word' id='word_1_139' title='bbox 695 2716 878 2799; x_wconf 82' lang='lat' dir='ltr'><strong>philosophi</strong></span> <span class='ocrx_word' id='word_1_140' title='bbox 895 2719 926 2782; x_wconf 93' lang='lat' dir='ltr'><strong>in</strong></span> <span class='ocrx_word' id='word_1_141' title='bbox 941 2719 1085 2800; x_wconf 82' lang='lat' dir='ltr'><strong>philoso-</strong></span> 
     </span>
     <span class='ocr_line' id='line_1_21' title="bbox 153 2813 1085 2920; baseline -0.001 -19"><span class='ocrx_word' id='word_1_142' title='bbox 153 2836 279 2920; x_wconf 84' lang='lat' dir='ltr'><strong>phando</strong></span> <span class='ocrx_word' id='word_1_143' title='bbox 298 2833 549 2918; x_wconf 87' lang='lat' dir='ltr'><strong>progressionem</strong></span> <span class='ocrx_word' id='word_1_144' title='bbox 567 2813 813 2900; x_wconf 73' lang='lat' dir='ltr'><strong>attenderemus:</strong></span> <span class='ocrx_word' id='word_1_145' title='bbox 836 2848 902 2899; x_wconf 87' lang='lat' dir='ltr'><strong>tum</strong></span> <span class='ocrx_word' id='word_1_146' title='bbox 925 2853 999 2898; x_wconf 84' lang='lat' dir='ltr'><strong>vero</strong></span> <span class='ocrx_word' id='word_1_147' title='bbox 1021 2853 1085 2900; x_wconf 76' lang='lat' dir='ltr'><strong>rna·</strong></span> 
     </span>
     <span class='ocr_line' id='line_1_22' title="bbox 154 2948 1083 3032; baseline 0.002 -16"><span class='ocrx_word' id='word_1_148' title='bbox 154 2949 260 3032; x_wconf 84' lang='lat' dir='ltr'><strong>xime,</strong></span> <span class='ocrx_word' id='word_1_149' title='bbox 284 2964 320 3015; x_wconf 88' lang='lat' dir='ltr'><strong>ut</strong></span> <span class='ocrx_word' id='word_1_150' title='bbox 339 2949 371 3016; x_wconf 91' lang='lat' dir='ltr'><strong>in</strong></span> <span class='ocrx_word' id='word_1_151' title='bbox 391 2949 447 3015; x_wconf 90' lang='lat' dir='ltr'><strong>hac</strong></span> <span class='ocrx_word' id='word_1_152' title='bbox 466 2948 628 3016; x_wconf 78' lang='lat' dir='ltr'><strong>Platonica</strong></span> <span class='ocrx_word' id='word_1_153' title='bbox 644 2949 736 3015; x_wconf 87' lang='lat' dir='ltr'><strong>animi</strong></span> <span class='ocrx_word' id='word_1_154' title='bbox 754 2949 1002 3032; x_wconf 84' lang='lat' dir='ltr'><strong>perscrutatione</strong></span> <span class='ocrx_word' id='word_1_155' title='bbox 1018 2948 1083 3018; x_wconf 85' lang='lat' dir='ltr'><strong>vim</strong></span> 
     </span>
     <span class='ocr_line' id='line_1_23' title="bbox 156 3067 1088 3152; baseline -0.001 -19"><span class='ocrx_word' id='word_1_156' title='bbox 156 3067 270 3133; x_wconf 88' lang='lat' dir='ltr'><strong>amoris</strong></span> <span class='ocrx_word' id='word_1_157' title='bbox 294 3085 544 3150; x_wconf 81' lang='lat' dir='ltr'><strong>agnosceremus.</strong></span> <span class='ocrx_word' id='word_1_158' title='bbox 586 3067 692 3150; x_wconf 90' lang='lat' dir='ltr'><strong>Nam,</strong></span> <span class='ocrx_word' id='word_1_159' title='bbox 715 3083 751 3132; x_wconf 92' lang='lat' dir='ltr'><strong>ut</strong></span> <span class='ocrx_word' id='word_1_160' title='bbox 767 3070 943 3151; x_wconf 86' lang='lat' dir='ltr'><strong>completur</strong></span> <span class='ocrx_word' id='word_1_161' title='bbox 963 3067 1088 3152; x_wconf 88' lang='lat' dir='ltr'><strong>perfici·</strong></span> 
     </span>
     <span class='ocr_line' id='line_1_24' title="bbox 153 3185 1085 3270; baseline 0.002 -19"><span class='ocrx_word' id='word_1_162' title='bbox 153 3200 269 3265; x_wconf 89' lang='lat' dir='ltr'><strong>turque</strong></span> <span class='ocrx_word' id='word_1_163' title='bbox 284 3185 340 3250; x_wconf 88' lang='lat' dir='ltr'><strong>bac</strong></span> <span class='ocrx_word' id='word_1_164' title='bbox 359 3185 523 3268; x_wconf 86' lang='lat' dir='ltr'><strong>utriusque</strong></span> <span class='ocrx_word' id='word_1_165' title='bbox 544 3185 680 3251; x_wconf 90' lang='lat' dir='ltr'><strong>bominis</strong></span> <span class='ocrx_word' id='word_1_166' title='bbox 692 3187 818 3270; x_wconf 87' lang='lat' dir='ltr'><strong>specie,</strong></span> <span class='ocrx_word' id='word_1_167' title='bbox 833 3188 924 3269; x_wconf 69' lang='lat' dir='ltr'><strong>quod</strong></span> <span class='ocrx_word' id='word_1_168' title='bbox 939 3193 969 3251; x_wconf 80' lang='lat' dir='ltr'><strong>tn</strong></span> <span class='ocrx_word' id='word_1_169' title='bbox 984 3187 1085 3253; x_wconf 81' lang='lat' dir='ltr'><strong>Phae-</strong></span> 
     </span>
     <span class='ocr_line' id='line_1_25' title="bbox 151 3300 1081 3388; baseline 0.002 -20"><span class='ocrx_word' id='word_1_170' title='bbox 151 3300 212 3371; x_wconf 83' lang='lat' dir='ltr'><strong>dro</strong></span> <span class='ocrx_word' id='word_1_171' title='bbox 227 3301 458 3383; x_wconf 85' lang='lat' dir='ltr'><strong>desideramus,</strong></span> <span class='ocrx_word' id='word_1_172' title='bbox 477 3304 519 3369; x_wconf 87' lang='lat' dir='ltr'><strong>ita</strong></span> <span class='ocrx_word' id='word_1_173' title='bbox 536 3322 686 3384; x_wconf 86' lang='lat' dir='ltr'><strong>equorum</strong></span> <span class='ocrx_word' id='word_1_174' title='bbox 704 3304 755 3368; x_wconf 88' lang='lat' dir='ltr'><strong>ilia</strong></span> <span class='ocrx_word' id='word_1_175' title='bbox 773 3304 805 3368; x_wconf 91' lang='lat' dir='ltr'><strong>in</strong></span> <span class='ocrx_word' id='word_1_176' title='bbox 821 3302 965 3370; x_wconf 81' lang='lat' dir='ltr'><strong>Phaedro</strong></span> <span class='ocrx_word' id='word_1_177' title='bbox 979 3306 1081 3388; x_wconf 83' lang='lat' dir='ltr'><strong>imago</strong></span> 
     </span>
     <span class='ocr_line' id='line_1_26' title="bbox 156 3418 1086 3506; baseline 0.005 -22"><span class='ocrx_word' id='word_1_178' title='bbox 156 3437 216 3484; x_wconf 88' lang='lat' dir='ltr'><strong>nna</strong></span> <span class='ocrx_word' id='word_1_179' title='bbox 240 3418 378 3484; x_wconf 91' lang='lat' dir='ltr'><strong>omnium</strong></span> <span class='ocrx_word' id='word_1_180' title='bbox 406 3419 539 3485; x_wconf 83' lang='lat' dir='ltr'><strong>maxime</strong></span> <span class='ocrx_word' id='word_1_181' title='bbox 557 3419 692 3487; x_wconf 87' lang='lat' dir='ltr'><strong>animum</strong></span> <span class='ocrx_word' id='word_1_182' title='bbox 715 3422 808 3486; x_wconf 90' lang='lat' dir='ltr'><strong>nobis</strong></span> <span class='ocrx_word' id='word_1_183' title='bbox 831 3436 930 3488; x_wconf 91' lang='lat' dir='ltr'><strong>totum</strong></span> <span class='ocrx_word' id='word_1_184' title='bbox 951 3442 1086 3506; x_wconf 80' lang='lat' dir='ltr'><strong>cognos-</strong></span> 
     </span>
     <span class='ocr_line' id='line_1_27' title="bbox 152 3535 1083 3619; baseline 0.004 -17"><span class='ocrx_word' id='word_1_185' title='bbox 152 3539 285 3603; x_wconf 89' lang='lat' dir='ltr'><strong>cendum</strong></span> <span class='ocrx_word' id='word_1_186' title='bbox 315 3535 454 3619; x_wconf 79' lang='lat' dir='ltr'><strong>praebet.</strong></span> <span class='ocrx_word' id='word_1_187' title='bbox 505 3538 557 3602; x_wconf 88' lang='lat' dir='ltr'><strong>Sic</strong></span> <span class='ocrx_word' id='word_1_188' title='bbox 586 3540 667 3604; x_wconf 89' lang='lat' dir='ltr'><strong>enim</strong></span> <span class='ocrx_word' id='word_1_189' title='bbox 699 3558 768 3604; x_wconf 83' lang='lat' dir='ltr'><strong>sese</strong></span> <span class='ocrx_word' id='word_1_190' title='bbox 793 3560 841 3605; x_wconf 90' lang='lat' dir='ltr'><strong>res</strong></span> <span class='ocrx_word' id='word_1_191' title='bbox 874 3542 988 3606; x_wconf 80' lang='lat' dir='ltr'><strong>habeta</strong></span> <span class='ocrx_word' id='word_1_192' title='bbox 1021 3540 1083 3606; x_wconf 88' lang='lat' dir='ltr'><strong>nisi</strong></span> 
     </span>
     <span class='ocr_line' id='line_1_28' title="bbox 155 3653 1082 3740; baseline 0.002 -20"><span class='ocrx_word' id='word_1_193' title='bbox 155 3661 331 3721; x_wconf 82' lang='lat' dir='ltr'><strong>mansuetae</strong></span> <span class='ocrx_word' id='word_1_194' title='bbox 359 3653 569 3737; x_wconf 87' lang='lat' dir='ltr'><strong>honestaeque</strong></span> <span class='ocrx_word' id='word_1_195' title='bbox 597 3656 688 3721; x_wconf 90' lang='lat' dir='ltr'><strong>nobis</strong></span> <span class='ocrx_word' id='word_1_196' title='bbox 715 3657 853 3722; x_wconf 87' lang='lat' dir='ltr'><strong>inessent</strong></span> <span class='ocrx_word' id='word_1_197' title='bbox 873 3658 1082 3740; x_wconf 87' lang='lat' dir='ltr'><strong>cupiditates,</strong></span> 
     </span>
     <span class='ocr_line' id='line_1_29' title="bbox 155 3771 1089 3857; baseline 0.004 -20"><span class='ocrx_word' id='word_1_198' title='bbox 155 3771 188 3837; x_wconf 92' lang='lat' dir='ltr'><strong>in</strong></span> <span class='ocrx_word' id='word_1_199' title='bbox 207 3771 256 3838; x_wconf 89' lang='lat' dir='ltr'><strong>his</strong></span> <span class='ocrx_word' id='word_1_200' title='bbox 278 3771 455 3856; x_wconf 87' lang='lat' dir='ltr'><strong>pracsertim</strong></span> <span class='ocrx_word' id='word_1_201' title='bbox 484 3772 558 3837; x_wconf 89' lang='lat' dir='ltr'><strong>recti</strong></span> <span class='ocrx_word' id='word_1_202' title='bbox 586 3792 696 3853; x_wconf 89' lang='lat' dir='ltr'><strong>amor,</strong></span> <span class='ocrx_word' id='word_1_203' title='bbox 724 3793 810 3838; x_wconf 86' lang='lat' dir='ltr'><strong>amor</strong></span> <span class='ocrx_word' id='word_1_204' title='bbox 839 3775 998 3852; x_wconf 76' lang='lat' dir='ltr'><strong>Ursinus,</strong></span> <span class='ocrx_word' id='word_1_205' title='bbox 1027 3775 1089 3857; x_wconf 78' lang='lat' dir='ltr'><strong>qui¹</strong></span> 
     </span>
     <span class='ocr_line' id='line_1_30' title="bbox 156 3888 1083 3990; baseline 0.003 -37"><span class='ocrx_word' id='word_1_206' title='bbox 156 3888 285 3955; x_wconf 88' lang='lat' dir='ltr'><strong>stimulo</strong></span> <span class='ocrx_word' id='word_1_207' title='bbox 320 3889 395 3969; x_wconf 87' lang='lat' dir='ltr'><strong>isti,</strong></span> <span class='ocrx_word' id='word_1_208' title='bbox 436 3908 528 3972; x_wconf 90' lang='lat' dir='ltr'><strong>quem</strong></span> <span class='ocrx_word' id='word_1_209' title='bbox 571 3890 603 3953; x_wconf 93' lang='lat' dir='ltr'><strong>in</strong></span> <span class='ocrx_word' id='word_1_210' title='bbox 637 3906 769 3972; x_wconf 85' lang='lat' dir='ltr'><strong>tyranno</strong></span> <span class='ocrx_word' id='word_1_211' title='bbox 802 3891 1083 3990; x_wconf 84' lang='lat' dir='ltr'><strong>deprehendimus,</strong></span> 
     </span>
    </p>
   </div>
   <div class='ocr_carea' id='block_1_3' title="bbox 138 4002 1085 4193">
    <p class='ocr_par' dir='ltr' id='par_1_3' title="bbox 138 4002 1085 4193">
     <span class='ocr_line' id='line_1_31' title="bbox 138 4002 1085 4099; baseline 0.01 -31"><span class='ocrx_word' id='word_1_212' title='bbox 138 4002 267 4071; x_wconf 59' lang='lat' dir='ltr'><strong>«nefarii</strong></span> <span class='ocrx_word' id='word_1_213' title='bbox 301 4006 465 4092; x_wconf 84' lang='lat' dir='ltr'><strong>insanique</strong></span> <span class='ocrx_word' id='word_1_214' title='bbox 498 4007 612 4075; x_wconf 88' lang='lat' dir='ltr'><strong>amoris</strong></span> <span class='ocrx_word' id='word_1_215' title='bbox 651 4008 828 4075; x_wconf 87' lang='lat' dir='ltr'><strong>contrarius</strong></span> <span class='ocrx_word' id='word_1_216' title='bbox 861 4024 932 4090; x_wconf 82' lang='lat' dir='ltr'><strong>est,</strong></span> <span class='ocrx_word' id='word_1_217' title='bbox 980 4025 1085 4099; x_wconf 71' lang='lat' dir='ltr'><strong>sponte</strong></span> 
     </span>
     <span class='ocr_line' id='line_1_32' title="bbox 589 4123 1083 4193; baseline 0.002 -2"><span class='ocrx_word' id='word_1_218' title='bbox 589 4123 658 4192; x_wconf 83' lang='lat' dir='ltr'><strong>Mn</strong></span> <span class='ocrx_word' id='word_1_219' title='bbox 1001 4127 1083 4193; x_wconf 75' lang='lat' dir='ltr'><strong>haud</strong></span> 
     </span>
    </p>
   </div>
   <div class='ocr_carea' id='block_1_4' title="bbox 0 0 1463 5168">
    <p class='ocr_par' dir='ltr' id='par_1_4' title="bbox 0 0 1463 5168">
     <span class='ocr_line' id='line_1_33' title="bbox 0 0 1463 5168; baseline 0 0"><span class='ocrx_word' id='word_1_220' title='bbox 0 0 1463 5168; x_wconf 95' lang='lat' dir='ltr'><strong> </strong></span> 
     </span>
    </p>
   </div>
  </div>
 </body>
</html>
