2896 5168
627 506 826 570 -245—

262 671 372 735 minata
393 684 490 749 sunt,
514 671 603 751 quasi
624 672 798 735 mechanica
823 670 912 735 unice
945 686 1026 735 esset
1054 671 1190 736 universi

257 789 417 868 conditio,
440 787 519 852 nihil
536 789 585 853 vel
605 787 689 870 ipsi,
713 806 777 868 quo
797 786 936 869 vigeret,
961 790 1008 852 vel
1030 790 1098 872 ejus
1118 807 1188 870 par·

256 905 365 985 tibus,
395 923 461 985 quo
483 920 705 984 moverentur,
739 904 878 982 inesset,
912 904 1013 968 omnia
1033 923 1131 981 uero,
1155 916 1190 967 ut

257 1019 289 1084 in
307 1021 508 1101 mechanico,
525 1022 612 1102 quod
630 1021 765 1101 dicitur,
784 1035 974 1104 systemate,
995 1019 1189 1085 mechanicae

255 1137 378 1222 legibus
407 1138 668 1221 obtemperarent.
746 1137 957 1223 Quamobrem
990 1139 1053 1201 vinr
1083 1137 1189 1216 illam,

257 1275 348 1338 quam
378 1271 504 1321 naturae
534 1274 600 1322 non
630 1270 774 1338 poterant
809 1273 873 1322 non
907 1255 1064 1335 tribuere,
1097 1255 1189 1320 variis

256 1374 357 1439 modis
388 1372 559 1456 exprimere
589 1372 793 1437 conabantur.
860 1373 1014 1458 Spiritum
1039 1372 1191 1437 uocabant

256 1488 363 1568 illam,
392 1502 428 1554 ut
449 1489 480 1552 in
501 1487 676 1570 virgiliano
697 1489 774 1553 illo:

352 1645 477 1714 Spiritus
493 1645 571 1697 intua
587 1644 663 1707 alic,
683 1653 827 1716 totamque
844 1645 941 1717 infuso
953 1662 1006 1715 par
1024 1655 1105 1697 wius

347 1742 430 1795 Mens
446 1743 539 1810 agitat
555 1742 661 1794 molem.
676 1744 717 1812 (ι)
836 1741 839 1745 ’

255 1893 319 1960 Alii
341 1895 404 1960 vim
426 1894 508 1961 illam
532 1913 604 1961 curn
626 1895 697 1980 igne
718 1897 961 1979 comparabant,
986 1898 1071 1980 quod
1093 1896 1191 1969 Hera-

256 2011 352 2078 clitus
371 2031 406 2077 ac
430 2028 540 2094 postea
561 2012 659 2078 Stoici
680 2013 862 2097 diligentius
885 2013 1041 2095 explicare
1063 2015 1192 2079 studue·
1270 2046 1273 2052 ·

233 2142 341 2199 .runt.
395 2129 464 2194 Nec
491 2147 565 2194 vero
589 2129 734 2196 discessit
762 2128 800 2193 ab
828 2131 882 2193 hac
907 2128 1119 2195 vetustissimi
1144 2149 1192 2194 ra·

255 2242 341 2310 tione
358 2244 495 2312 Platonis
520 2246 732 2329 physiologia.
799 2245 861 2312 Sed
880 2222 908 2311 is
927 2222 1048 2312 scilicet
1067 2246 1193 2313 univer·

255 2379 312 2442 so,
335 2375 370 2426 ut
385 2368 449 2431 ννῖνν
461 2362 685 2446 Anaxagoras,
707 2366 815 2459 duxit
836 2362 968 2445 tribuit3
992 2365 1069 2428 hanc
1089 2380 1191 2429 autern

252 2477 291 2543 ab
324 2475 396 2560 ipso
431 2477 502 2541 Deo
536 2477 664 2542 inditam
701 2496 770 2542 esse
806 2482 923 2546 mundo
954 2480 1188 2563 pronunciavit.

252 2593 356 2660 Ducta
375 2592 407 2658 in
433 2593 521 2658 hisce
547 2595 585 2658 ab
610 2591 736 2656 homine
755 2576 926 2660 similitudo
948 2610 1019 2675 est,
1042 2599 1132 2680 cujus
1156 2612 1193 2661 ut

252 2709 377 2792 corpori
392 2713 513 2793 ψνχίνν,
536 2708 578 2773 ita
595 2717 685 2792 ψυχῇ
703 2706 803 2772 inesse
827 2718 890 2779 νοῦν
906 2712 1066 2776 contendit
1083 2713 1202 2797 Plato:¹

252 2825 435 2905 factumque
455 2839 502 2889 est
523 2824 586 2904 ita,
610 2839 646 2888 ut
675 2825 823 2889 mundum
854 2840 979 2892 vocaret
1000 2831 1068 2911 ζῶνν
1088 2829 1188 2911 ἔμψυ-

254 2969 311 3032 χον
332 2946 426 3013 ἔννουν
442 2968 490 3012 cc·
554 2938 591 3007 ld
609 2953 712 3005 autum
735 2939 875 3021 quamvis
898 2940 939 3005 sit
963 2960 979 3006 a
1000 2945 1110 3007 nostri
1133 2959 1190 3005 co·

253 3056 369 3141 giraudi
394 3057 608 3139 loquendique
642 3055 761 3121 ratione
799 3057 955 3138 alienum,
999 3072 1123 3139 tamen,
1159 3058 1188 3123 si

252 3173 463 3259 principium,
485 3174 566 3239 uude
586 3178 744 3252 manavit,
767 3184 967 3256 spectamus,
990 3193 1055 3240 non
1083 3188 1190 3257 potest
1209 3189 1214 3199 ’

253 3291 347 3361 uobis
370 3306 471 3357 totum
491 3291 669 3375 displicere.
711 3290 815 3371 Nam,
838 3279 873 3357 ut
893 3292 1033 3373 optimus
1054 3292 1190 3374 quisque

252 3410 337 3494 apud
353 3410 485 3475 Veteres
506 3408 737 3492 physiologus,
774 3408 816 3472 ita
839 3408 951 3488 Plato,
982 3427 1047 3473 non
1079 3427 1096 3473 e
1122 3410 1191 3492 lege

254 3526 383 3612 quadam
408 3525 585 3591 mechanica
606 3538 734 3589 naturae
761 3522 976 3606 principium,
998 3525 1053 3590 sed
1073 3523 1189 3606 altius,

249 3641 288 3709 ab
310 3642 381 3725 ipso
403 3656 530 3706 naturae
551 3639 753 3723 universique
773 3654 901 3704 auctore
923 3639 1076 3722 reperiit.'
1127 3710 1135 3721 ‚

295 3758 378 3826 Sunt
395 3757 468 3823 haec
491 3755 585 3821 nobis
612 3772 643 3823 et
669 3756 791 3839 singulo
811 3772 843 3822 et
864 3756 1007 3824 universa
1026 3756 1190 3837 diligenter

210 3926 218 3945 .
252 3874 541 3970 animadvertenda,
575 3873 602 3938 si
627 3873 785 3942 Timaeum
819 3874 981 3958 ipsamque
1007 3872 1191 3958 philosophi
1288 3946 1294 3965 ἱ

1112 3990 1193 4075 nlu-

288 4089 330 4162 (t)
347 4093 420 4149 Aah·
438 4092 491 4149 Vi.
511 4095 571 4165 726.
