2896 5168
668 446 859 505 ..ιη-

293 580 471 691 philosophi
504 607 707 687 discernitur,
735 623 855 673 tantum
886 606 997 684 abest,
1030 620 1067 670 ut
1091 624 1219 675 vaua‘et

292 726 392 793 inania
422 722 581 808 proferat,
608 738 644 787 ut
676 738 784 789 contra
807 742 867 787 nos
897 723 928 786 in
960 723 1113 787 nullarum
1151 741 1220 791 nun

287 859 415 921 rernm,
437 841 470 904 in
497 838 670 903 divinarum
693 840 790 920 ade0,
821 839 854 904 iu
881 837 980 920 ipsius
1009 837 1133 904 divinae
1162 858 1217 905 ua·

284 970 372 1022 turae
402 953 676 1035 disquisitionibus
696 954 734 1019 ad
759 954 916 1020 veritatem
943 954 1086 1019 adducat.
1130 956 1212 1020 Natu

188 1076 191 1085 '
283 1064 385 1154 ipsius
410 1070 548 1136 veritatis
579 1070 610 1135 iu
640 1074 676 1136 el
708 1078 817 1150 rixae,
841 1086 876 1135 ut
892 1071 1057 1154 aliquoties
1088 1071 1212 1138 monui·

285 1203 376 1266 mus,
414 1185 499 1252 ideae
528 1199 615 1253 sunt.
678 1187 795 1252 lubens
829 1194 896 1251 nos·
920 1186 1015 1271 igitur
1045 1186 1095 1253 illa
1122 1188 1208 1254 ideas

200 1384 205 1397 Ι
283 1302 373 1368 unice
396 1302 428 1367 in
451 1301 571 1386 agendo
599 1301 800 1386 vivendoque
828 1302 966 1382 intueri,
1000 1301 1115 1369 referre
1144 1323 1232 1374 nus·

278 1417 405 1498 eadem,
438 1414 590 1500 factisque
617 1433 650 1485 et
681 1419 821 1485 moribus
850 1420 1005 1504 prodere,
1039 1426 1203 1488 veritatem

272 1531 375 1615 jubet.
418 1533 506 1599 Deus
538 1534 570 1601 in
596 1539 633 1600 el
657 1533 787 1620 fingitur
808 1536 846 1601 ad
872 1541 983 1614 τύπους
1009 1536 1081 1602 illos
1118 1536 1202 1603 veri·

272 1648 345 1714 tatis
380 1667 482 1715 rerum
515 1650 745 1717 universitatem
770 1652 913 1736 lingens:
937 1654 1023 1734 quod
1052 1667 1200 1736 reputans

273 1765 345 1846 quis
375 1779 449 1846 est,
471 1765 548 1845 quin
567 1771 712 1832 veritatis
741 1767 877 1831 studium
905 1769 937 1830 in
961 1769 1031 1831 Deo
1056 1788 1127 1833 cum
1146 1785 1201 1848 ag·

272 1896 380 1944 noscat
408 1881 559 1962 maxime,
581 1896 646 1946 tum
681 1882 719 1948 ad
751 1881 847 1962 ipsam
870 1880 931 1947 Dei
952 1897 1091 1948 naturam
1121 1878 1201 1949 refe-

199 2043 203 2055 ,
272 1992 352 2075 rati,
381 1995 441 2059 Sed
470 1995 530 2059 hoc
564 1999 840 2063 animadvertamus
874 1998 1085 2080 potissimum.
1146 1997 1198 2065 De

269 2111 340 2175 Deo
371 2110 528 2187 rebusque
555 2111 668 2174 divinis
701 2130 764 2175 non
799 2113 872 2176 licet
898 2115 1019 2181 mortali
1050 2112 1195 2193 homini,

267 2223 328 2289 nisi
357 2240 412 2304 pet
443 2223 637 2303 metaphoras
665 2240 695 2286 et
722 2223 868 2304 imagines
897 2226 985 2303 loqui
1014 2229 1064 2290 vei
1089 2226 1197 2289 existi·

267 2356 362 2403 mare.
406 2336 617 2422 Quamobrem
648 2341 721 2406 iiiut
749 2337 808 2400 hoc
836 2337 984 2415 nomine,
1007 2357 1024 2401 a
1046 2336 1192 2402 sensibus

265 2455 385 2535 ductu,
416 2468 571 2533 tamquam
595 2456 726 2536 firmae
753 2452 921 2531 dicuntur,
950 2468 981 2517 et
1003 2454 1090 2518 Deus
1122 2451 1193 2534 ipse

263 2571 413 2636 mundum
441 2567 612 2636 informans
641 2569 784 2635 similiter
806 2577 927 2650 rotaria
953 2578 1005 2640 rui
1026 2573 1136 2653 airum
1154 2588 1190 2637 ac

259 2694 434 2774 δημιουργὸς
455 2688 640 2772 appellatur.
662 2689 708 2750 (ι)
753 2687 815 2757 Sed
838 2687 986 2770 proprie,
1015 2668 1188 2753 secundum

260 2805 358 2889 ipsam
382 2804 558 2872 Platonicae
577 2804 795 2888 philosophiae
814 2804 986 2885 rationem,
1008 2805 1093 2871 ideae
1113 2818 1189 2870 sunt

258 2929 300 2994 cri
327 2925 413 2998 irrue
446 2924 539 2996 durat
573 2924 658 2987 Deus
689 2939 793 2987 autem
824 2929 921 2999 νοητὸς
952 2936 1000 2986 est
1033 2936 1128 3003 atque
1153 2925 1185 2991 o

258 3044 299 3122 τῷ
334 3040 392 3107 ὄντι
418 3038 455 3100 ad
481 3037 533 3100 illu
566 3038 654 3110 ὄντως
679 3039 751 3104 ducx
778 3054 849 3099 cnm
878 3040 1075 3118 πκρὲδειγμι
1104 3035 1182 3099 illud

256 3170 383 3232 retum,
418 3171 498 3233 quae
526 3149 692 3232 aliquando
726 3149 849 3215 futurae
873 3163 1000 3228 essent,
1035 3150 1181 3230 concepit

252 3275 293 3355 τῷ
325 3275 384 3356 uqi,
429 3284 495 3336 tum
525 3268 563 3334 ad
592 3267 730 3353 ejusdem
761 3265 993 3332 similitudinem
1029 3264 1178 3329 mundum

251 3387 353 3469 i'pxrou
384 3385 576 3451 informavit.
630 3385 725 3450 Hunc
755 3384 850 3467 igitur
874 3385 906 3448 iu
939 3382 1065 3448 modum
1102 3400 1175 3448 cum

250 3499 425 3565 existimare
448 3521 507 3566 noa
532 3501 570 3564 de
600 3501 677 3567 ideis
707 3522 743 3567 ac
763 3502 802 3566 de
816 3500 922 3566 divini
938 3501 1050 3564 nortun
1067 3498 1176 3564 doceat

248 3616 451 3701 philosophia
478 3616 639 3696 Platonis,
670 3618 778 3700 quidni
807 3635 866 3681 nos
892 3615 1013 3681 divinae
1046 3630 1174 3681 naturae

247 3752 313 3803 non
339 3733 443 3800 solum
470 3731 674 3799 attribuamus
700 3734 880 3821 veritatem,
912 3732 967 3796 sed
996 3730 1065 3814 ipsa
1102 3749 1168 3798 earn

1113 3864 1168 3915 ve·

191 3954 193 3959 ’
278 3985 326 4058 (ι)
347 3983 582 4043 ramnus.
682 4043 683 4046 a

588 4161 595 4179 ,
689 4078 724 4163 Η
