2896 5168
730 485 898 547 -,0..

348 661 456 726 parum
488 645 587 709 adhuc
616 641 756 727 justitiae
784 661 899 723 caussa
921 642 1061 711 Socratis
1087 658 1186 712 aetate
1211 644 1282 726 uio·

349 760 448 826 dicata
466 757 573 825 fuerit.
618 759 754 844 subjicit
773 760 822 825 his
842 760 987 827 Glauco:
1011 767 1063 833 riu
1083 765 1115 833 δὲ
1134 767 1207 850 daia
1219 772 1282 842 ,nie

350 880 531 956 δικαιοσύνης
564 881 674 960 λόγον,
718 883 757 954 aie
777 878 896 960 ἄμεινον
915 881 1052 956 dictricte,
1094 881 1205 957 adimit
1232 907 1283 959 rar

349 995 466 1070 deicae
484 997 522 1068 ric
541 995 704 1075 Brittanos·
746 992 932 1059 Adimantus
953 1010 1057 1059 aurem
1078 992 1125 1059 sic
1142 974 1283 1076 stutuit,¹

350 1105 510 1186 omnium,
534 1106 591 1188 qui
609 1108 709 1172 adhuc
730 1082 944 1188 scrioserunt,
966 1107 1118 1187 neminem
1141 1125 1284 1192 umquam

348 1222 438 1288 aiiter
458 1240 531 1287 cum
551 1224 692 1288 iaudsssa
712 1221 865 1305 justitiam
889 1235 959 1297 ,tum
987 1221 1168 1307 injustitiam
1197 1224 1283 1314 vitu·
1343 1209 1347 1216 ’

347 1356 504 1428 latrasse,i
538 1356 630 1419 quam
656 1336 807 1420 gloriam,
846 1325 982 1404 honores
1008 1352 1104 1419 atque
1131 1357 1280 1422 munera,

349 1473 429 1536 quae
451 1453 500 1520 ab³
518 1453 580 1520 illis
606 1453 872 1537 proficiscuntur,
894 1453 1129 1537 respicientem
1173 1454 1280 1538 ipsum

347 1585 613 1653 vero-utrumque
629 1586 743 1655 suapte
760 1585 870 1637 natura
892 1571 969 1653 quid
989 1585 1059 1655 agat
1076 1573 1110 1637 in
1134 1551 1278 1638 habentis

345 1689 450 1756 animo
481 1692 581 1756 latens
617 1689 693 1755 deos
723 1701 754 1754 ct
782 1687 949 1771 homines,
982 1687 1103 1756 nullum
1139 1704 1277 1772 umquem

346 1808 397 1874 uel
416 1808 568 1890 poemmis
593 1808 643 1872 rel
662 1804 724 1872 alio
743 1822 886 1872 sermone
904 1802 980 1870 satis
998 1801 1210 1885 enarravisse,
1238 1819 1280 1895 ut

343 1940 481 2008 pateret,
522 1922 706 2008 injustitiam
736 1921 902 1990 maximum
927 1936 998 1984 esse
1027 1919 1177 1984 malorum
1205 1935 1278 1989 oum

297 2046 301 2057 '
342 2040 451 2120 mium,
472 2053 689 2121 quotcumque
708 2036 741 2100 in
762 2053 798 2100 se
819 2034 944 2100 haberet
962 2033 1104 2115 animus,
1122 2033 1276 2118 justitiam

344 2155 607 2222 vero-maximum
627 2152 758 2217 bonum.
770 2150 827 2219 (¹)
859 2150 924 2219 Sed
941 2149 1021 2215 iilud
1038 2148 1073 2215 in
1091 2148 1203 2233 primis
1214 2167 1277 2247 noo

343 2270 444 2337 bisin
460 2268 619 2336 Adimauti
638 2285 782 2334 sermone
792 2266 1093 2335 animadvertendum
1104 2282 1173 2347 est,
1189 2269 1277 2357 quod

342 2386 382 2453 de
412 2384 588 2452 vindicibus
619 2384 699 2449 dixit
726 2383 888 2467 justitiae,
920 2384 979 2451 hos
1005 2383 1093 2466 ipsos
1124 2385 1152 2450 ei
1178 2404 1273 2469 quam

246 2531 247 2535 ¹
343 2501 475 2568 maxime
510 2498 575 2565 fere
614 2517 767 2579 nocere„
786 2518 882 2581 quum
922 2497 1079 2567 felicitatis
1109 2502 1274 2588 cujusdam

342 2637 399 2702 spe
426 2633 457 2684 et
476 2617 626 2701 opinione
652 2617 857 2683 traducendos
877 2616 925 2683 ad·
939 2635 1004 2683 eam
1033 2618 1176 2685 homines
1190 2636 1272 2686 esse

341 2729 462 2813 dicunt,
505 2735 635 2802 illorum
664 2749 729 2798 uon
749 2733 851 2799 unum'
872 2748 1032 2816 recenset,
1056 2751 1090 2801 ut
1116 2733 1271 2817 uidimus,

340 2834 452 2938 gemus.
484 2851 586 2933 Sunt,
602 2851 665 2931 ait,
682 2850 738 2935 qui
753 2849 869 2931 famee,
893 2851 1069 2932 honorum,
1089 2849 1269 2919 divitiorum

339 2985 449 3034 caussa
467 2965 621 3052 iustitiam
641 2966 815 3032 celebrent:
849 2967 923 3033 haec
943 2965 1024 3032 enim
1045 2985 1114 3033 esse
1132 2966 1269 3051 integrae

335 3086 501 3168 justaeque
519 3082 601 3148 vitae
617 3083 763 3162 praemia.
806 3082 872 3150 Alii
891 3096 953 3148 tam
970 3081 1092 3169 difficile
1106 3083 1269 3167 negotium

269 3224 273 3231 ·
339 3218 408 3264 esse
433 3199 541 3264 dicunt
562 3197 734 3280 justitiam,
765 3212 826 3263 tam
856 3200 947 3266 facile
979 3200 1138 3282 tantisque
1166 3200 1270 3269 illese*

338 3317 404 3381 bris
422 3316 670 3381 commendatum
692 3314 897 3400 injustitiam,
920 3330 956 3379 ut
976 3316 1014 3381 cd
1032 3316 1111 3382 hauc
1130 3315 1268 3399 rillciaut

338 3432 504 3512 homines,
524 3429 563 3501 ab
585 3429 635 3494 ilia
653 3429 856 3495 absterreant.
921 3430 1051 3496 Accedit
1079 3433 1146 3498 leue
1171 3431 1267 3501 maxi·

337 3550 450 3630 meque
476 3544 606 3611 noxium
635 3544 811 3611 mortalium
833 3562 936 3628 genus
965 3564 1090 3626 corum,
1114 3549 1170 3631 qui
1192 3567 1266 3631 pec·

334 3664 479 3731 cautibus
502 3662 707 3745 persuadent,
738 3676 935 3741 peccatorum
959 3681 1028 3730 esse.
1053 3666 1205 3744 remedia,
1234 3662 1265 3728 si

336 3778 461 3860 quidem
485 3792 515 3843 et
537 3776 616 3859 ipsis
640 3775 807 3859 pecunius,
830 3791 862 3840 et
887 3778 969 3860 diis,
993 3776 1127 3860 quorum
1158 3775 1265 3858 mimis,-

1223 3892 1263 3958 tri

368 4026 666 4103 (1)]ὶιΒιριὸᾶόΕ.
772 4060 780 4095 ·.
