2896 5168
555 425 730 488 ..η-

157 592 256 656 ducto
282 588 321 655 ab
354 586 541 670 imaginibus
567 584 718 668 nomine,
740 600 821 666 quae
843 581 1038 665 inumeris,
1061 587 1093 652 itr

156 706 267 788 aquis,
309 705 341 770 in
371 703 511 789 speculis
537 717 700 786 apparent.
755 701 968 768 Convertcndi
999 701 1093 784 igitur

153 822 308 887 continuo
338 819 377 884 ab
418 819 467 883 his
503 819 669 900 speciebus
703 818 741 882 ad
771 836 807 883 eu
837 833 932 897 sunt,
974 806 1091 895 quibus

153 939 271 1005 similes
300 949 487 1015 suutaqquo
518 936 657 1000 nondum
690 934 816 1017 quidem
840 933 880 998 ad
907 932 1089 1013 scientiam,

44 1113 47 1119 .
153 1066 358 1122 veruntamen
385 1052 424 1117 ad
443 1055 525 1124 nisu
549 1051 769 1130 adducuntur,
792 1049 913 1133 quippe
929 1062 1100 1115 manentes·

100 1208 103 1212 ι
154 1170 189 1235 in
215 1169 333 1236 mundo
360 1167 548 1252 spectabili,
571 1167 604 1234 iu
636 1187 701 1250 quo
733 1166 881 1249 quamdiu
901 1181 1101 1247 versantur,

153 1289 326 1375 opinantur
351 1285 518 1366 homines,
540 1302 605 1349 non
627 1286 665 1351 ad
691 1287 851 1350 scientiam
875 1296 907 1348 et
924 1286 1096 1376 traritataat

153 1403 316 1473 accedunt.
359 1403 502 1469 Alterum
524 1405 662 1479 παιδείας
682 1419 781 1486 genus
801 1399 862 1464 illis
882 1398 1092 1465 adhibendum
1136 1424 1141 1433 ’

150 1519 241 1587 Plato
267 1534 398 1607 censet,
420 1518 500 1599 qui,
523 1518 628 1582 missis
649 1517 758 1583 mundi
787 1515 969 1600 spectabilis
995 1529 1028 1582 et
1048 1516 1092 1581 si·

151 1634 297 1703 mulacris
323 1649 355 1700 et
386 1632 505 1698 umbris
530 1633 791 1714 simulacrorum,
813 1632 906 1699 altius
926 1632 1097 1723 escendere

149 1765 245 1832 atque
275 1751 360 1834 ipsas
383 1767 511 1815 cernere
540 1749 622 1815 ideas
646 1749 793 1832 cupiunt.
847 1749 894 1815 Ut
915 1748 996 1816 illia
1018 1767 1091 1833 spe·

150 1869 259 1936 ciebus
285 1868 323 1933 ad
349 1885 409 1947 ea,
443 1865 559 1949 quibus
594 1868 653 1951 hue
680 1866 798 1932 similes
825 1879 925 1947 sunt,
957 1883 1089 1932 conver·

151 1998 287 2063 cuntur,
332 1985 374 2049 ita
405 1983 439 2049 hi
472 2003 528 2067 per
559 1983 661 2073 ipsius
695 1981 834 2050 veritatis
862 1981 1042 2066 disciplinas
1071 2001 1093 2067 ι,

149 2096 262 2165 formis
294 2116 494 2167 numerorum
537 2096 771 2182 figurarumque
803 2100 1089 2167 mathematicaruur

150 2215 190 2279 ad
216 2212 304 2295 ipsos
326 2230 474 2280 numeros
496 2213 646 2294 ipsasque
674 2215 790 2298 figuras
821 2217 973 2283 educendi
990 2232 1092 2295 sunta

150 2349 217 2412 quo
242 2332 372 2401 διάνοιαν
400 2343 627 2408 assequuntur.
670 2327 765 2392 Iidem
785 2348 886 2409 veru,
915 2348 971 2412 ut,
994 2351 1089 2414 repu.

147 2446 238 2515 distis
265 2441 377 2509 formis
401 2441 498 2522 istis,
520 2441 624 2507 missis
649 2442 747 2523 item,
771 2463 851 2525 quae
870 2445 921 2511 his
948 2446 1089 2531 discipli·

148 2564 198 2629 nis
226 2559 371 2644 propriae
394 2572 488 2637 sunt,
523 2562 692 2636 ὑποθέσεσι,
728 2560 767 2624 ad
793 2564 909 2642 νόησιν,
936 2562 975 2629 ad
1003 2563 1089 2646 ipsas

147 2695 217 2743 tum
244 2693 302 2758 per
326 2675 440 2740 hancce
472 2673 609 2741 idearum
640 2678 958 2760 contemplationem,
980 2680 1021 2744 ad
1038 2698 1087 2767 req

147 2813 217 2860 rum
237 2789 398 2859 scientium
429 2790 634 2872 perveniant,
657 2791 838 2859 dialecticae
856 2794 979 2858 tandem
1002 2813 1085 2881 ope,

146 2911 207 2978 toti
244 2909 437 2992 penitusque
476 2906 514 2970 ad
548 2907 730 2973 veritatem*
748 2910 952 2976 convertendi
992 2928 1084 2979 sunt.

148 3027 200 3095 Sic
229 3037 333 3091 autem
368 3022 406 3086 iis
435 3021 558 3086 tandem
592 3041 630 3087 eo
662 3025 807 3127 accederq
840 3026 971 3108 licebit,
1018 3048 1084 3110 quc

147 3141 279 3213 maxime
307 3136 558 3206 contendendum
589 3129 782 3220 philosopho
804 3134 882 3220 est,
914 3155 950 3204 ut
981 3125 1083 3227 illud,

148 3260 236 3346 quod
261 3257 371 3325 bonum
401 3270 474 3336 est,
504 3258 558 3332 altu
587 3260 640 3322 τοῦ
668 3258 784 3334 ἀγαθοῦ
810 3258 916 3335 ἰδέαν,
944 3230 1083 3325 idearum

149 3377 288 3445 omnium
329 3371 526 3457 principem,
569 3369 683 3435 mentis
725 3372 819 3436 oculo
862 3392 1081 3459 assequantur.

66 3535 68 3539 2
150 3490 225 3584 Sed
249 3491 325 3557 baec
352 3502 388 3552 ut
414 3486 645 3571 intelligamus,
668 3487 706 3551 de
734 3488 848 3555 ideis
876 3490 969 3563 nobis
990 3512 1083 3578 agen·

148 3609 231 3679 dum,
252 3602 399 3675 universe
426 3617 501 3681 est,
543 3606 615 3668 loco
646 3603 679 3666 in
709 3604 847 3669 Platonis
878 3607 1083 3692 philospphil

148 3744 222 3799 aaut
249 3739 343 3806 qutun
369 3734 402 3789 et
427 3718 610 3805 gravissimo
639 3735 670 3786 et
698 3719 846 3787 latissime
877 3739 1014 3806 patente.
