2896 5168
510 447 686 513 ,73-
756 470 759 476 .

128 611 432 698 tlaeplallosophtti
455 626 531 678 sunt
549 609 716 690 homines,
739 608 848 692 patet‚'
870 609 1091 697 cognoscens.

129 732 162 796 di
196 748 252 798 eos
276 734 389 798 caussa
418 729 577 796 scientiam
610 740 797 811 prosecutos
829 728 888 793 (ι).
942 730 989 797 Et
1018 732 1073 797 sin

132 848 257 930 quidem
287 846 410 932 peperit
433 844 670 928 philosophiam
700 843 875 911 admiratio.
920 847 968 914 Ut
988 865 1071 915 vero*

132 967 166 1034 in
200 965 288 1032 omni
312 960 549 1045 disquisitione
582 959 613 1024 id
648 960 741 1026 nobis
784 976 955 1029 extremum
994 977 1068 1044 est,

116 1083 224 1166 ·quod
253 1079 355 1165 ipsius
382 1091 432 1144 est
448 1076 546 1143 initiis
564 1077 779 1158 contrarium,
801 1079 845 1147 ita
866 1081 1072 1165 philosophici

135 1197 253 1280 efficit3
275 1211 312 1262 ut
333 1193 463 1276 nequid
479 1193 646 1261 miremur:
670 1195 758 1275 quod
774 1215 954 1264 caussarum
969 1198 1075 1267 scieu-'

138 1318 199 1384 tire
221 1314 383 1381 debemus.
426 1311 465 1378 ln
489 1311 654 1396 physicis,
675 1330 734 1377 cur
764 1312 815 1378 sol
842 1318 1069 1398 convertatur,

137 1434 170 1500 in
200 1429 450 1510 mathematicis,
477 1448 534 1494 cur
564 1428 666 1495 metiri
696 1429 879 1496 diametrum
904 1449 971 1497 non
997 1451 1076 1517 poa·

136 1549 260 1631 aimus,
298 1548 487 1615 admiramur
514 1547 694 1628 continu03
727 1550 889 1632 explorata
920 1563 1025 1616 autem
1056 1570 1076 1618 e

137 1665 220 1734 coeli
251 1651 282 1731 et
311 1663 421 1731 circuli
454 1662 575 1729 ratione
599 1663 767 1746 utriusque
796 1665 840 1731 rei
863 1669 1001 1748 caussa,
1028 1668 1080 1733 nii

138 1781 364 1850 admiraremur·
389 1781 511 1865 magis,
546 1796 663 1861 quam,
697 1780 726 1845 si
754 1799 813 1846 nec
837 1795 1077 1848 converteretur
1145 1762 1150 1771 ¹

141 1901 251 1965 solet
280 1898 382 1965 metiri
423 1897 606 1963 diametrum
647 1912 828 1981 possemus.
893 1897 1013 1966 Pariter
1044 1900 1082 1965 int

143 2016 237 2083 rebus
265 2016 407 2082 ludicris.
450 2015 692 2100 Imagtmculas,
716 2032 796 2098 qttae
813 2030 930 2099 sponte
948 2034 1080 2084 movens

144 2147 218 2215 tut,
240 2146 385 2216 spectans
414 2133 530 2215 vulgus
553 2131 773 2213 obstupescit:
798 2150 863 2197 non
885 2132 928 2198 ita
948 2132 1079 2242 is‚4qtti

145 2264 289 2317 motuum
327 2265 453 2314 caussas
489 2265 529 2311 ex
560 2261 627 2310 arte
662 2247 838 2310 mechanica
878 2245 983 2312 teneti
1027 2251 1078 2313 hic

74 2428 78 2437 .
144 2381 277 2448 contra,
299 2365 328 2431 si
356 2382 422 2430 non
444 2377 648 2429 moverentur
672 2361 743 2426 illae
772 2376 909 2443 sponte,
931 2377 1000 2438 tum
1027 2365 1080 2429 de·

145 2503 230 2552 mum
260 2480 461 2549 admiraretur
483 2497 514 2546 ct
541 2479 793 2562 obstupesceret.
837 2477 889 2544 Ex
910 2479 968 2544 hac
990 2479 1082 2546 Aris·

146 2600 263 2695 tutelis
289 2598 524 2683 disputatione,
568 2615 634 2694 qao
674 2597 773 2662 valent
812 2593 864 2661 illa
900 2616 1082 2665 caussarum

147 2718 298 2799 scientia,
330 2716 528 2801 intelligitur.
585 2713 685 2781 Stoici
708 2715 780 2781 inde
801 2714 1084 2786 celebratissimum
1161 2713 1164 2719 ’

50 2824 53 2831 ’
148 2836 228 2903 illud
257 2835 309 2901 nil
323 2834 486 2902 admirari
509 2834 688 2899 duxerunt:
713 2832 796 2898 unde
815 2832 989 2902 Horatiusa

138 3095 140 3099 ’
193 3066 260 3132 Nil
276 3063 458 3144 admirari,
476 3080 644 3151 properes
666 3079 710 3129 est
732 3085 816 3144 una,
840 3065 990 3148 Numici,

191 3181 327 3270 Solaque
343 3203 425 3272 quac
438 3183 534 3271 possit
544 3180 658 3265 facere
675 3194 706 3245 et
724 3199 853 3246 servare
869 3179 1062 3254 beatumh).
1084 3210 1088 3220 ·
1122 3190 1126 3197 '

154 3420 211 3486 sed
231 3418 267 3485 hi
286 3411 365 3483 illud
385 3416 425 3482 ad
445 3417 531 3484 vitae
556 3415 750 3499 virtutisque
772 3417 980 3484 constantiam
1003 3435 1088 3491 retu·

153 3537 279 3614 lerunt;
322 3532 513 3598 Aristoteles
546 3552 622 3599 vero
659 3532 758 3616 ipsam
800 3535 901 3617 plane
928 3554 1088 3621 spectasse
1129 3609 1131 3615 ,

74 3705 80 3717 .
155 3651 218 3719 Dei
241 3646 424 3732 sapientiam
446 3649 621 3715 censendus
645 3665 707 3717 est.

202 3768 349 3836 Summae
375 3763 522 3849 profecto
554 3782 602 3833 est
634 3783 665 3834 et
691 3768 812 3836 divinae
840 3772 918 3840 adeo
948 3776 1090 3844 sublimi·

968 3914 975 3926 .
1046 3910 1090 3961 m,

195 4009 238 4082 (ι)
255 4007 377 4077 mansu
395 4007 420 4062 1.
437 4008 464 4062 s.
500 4008 542 4081 (2)
562 3987 659 4068 norat.
676 4012 729 4083 ap.
747 4014 771 4069 r.
788 4015 819 4071 s.
832 4035 856 4070 ι.
