2896 5168
614 455 834 518 -181-
931 538 934 543 Ι

259 641 395 708 Platonis
409 635 593 720 discipulis,
615 636 670 717 qui
688 651 719 701 et
738 634 881 717 proxime
893 636 939 719 jab
961 637 1082 721 integro
1106 641 1190 708 doc-.-

259 758 354 823 trinae
379 755 470 822 fonte
493 755 620 819 aberant
658 766 689 817 et
721 753 805 818 hunc
834 751 1009 821 referebant
1039 756 1182 825 maxime.
1252 748 1256 754 ’

256 873 308 940 Sic
340 887 538 941 autemeam
571 869 832 952 philosophantes
864 870 931 950 illi,
963 890 1001 937 ex
1027 872 1103 954 ipso·
1125 876 1193 938 ho:

253 988 347 1052 minis
365 986 468 1050 animo
481 985 680 1067 potissimum
700 1001 875 1068 repeterent
895 987 1021 1083 omnia,
1042 1008 1102 1069 ac,
1124 1009 1198 1056 se··
1308 1043 1318 1057 .

254 1102 391 1168 cundum
404 1101 547 1166 idearum
567 1097 761 1182 doctrinam,
785 1103 875 1168 unice
897 1105 1099 1186 spectandum
1122 1107 1180 1171 ho·
1256 1101 1258 1104 ⁴

254 1218 329 1283 mini
360 1218 603 1297 contenderent,
627 1219 704 1298 quid
735 1220 905 1302 pulcrum,
929 1221 1006 1302 quid
1036 1223 1177 1304 bonum,

255 1335 331 1416 quid
358 1336 510 1418 justum,
552 1332 778 1416 omninoque,
821 1335 898 1417 quid
929 1356 1038 1405 verum
1071 1356 1191 1421 esset,

252 1450 375 1516 fructus
398 1469 519 1526 ,eorum
544 1450 769 1533 philosophia,
791 1465 827 1517 ut
848 1467 926 1527 ante,
936 1456 1116 1546 Platonica,
1140 1456 1177 1521 ad

253 1567 366 1634 artium
386 1567 629 1648 literarumque,
651 1568 690 1631 ad
707 1567 808 1649 ipsius
829 1570 905 1634 adeo
924 1570 1093 1652 saplentiae
1111 1588 1181 1638 stu·

254 1685 338 1751 dum
368 1683 629 1765 provehendum,
671 1682 845 1780 uberrimos
865 1686 960 1757 tulit.
1025 1687 1181 1772 Quocirca
1264 1685 1271 1698 '

252 1816 364 1882 captus
394 1799 509 1866 Cicero
537 1799 593 1863 hac
614 1798 728 1863 veteris
759 1799 943 1866 Academiae
975 1821 1009 1866 ac
1039 1804 1184 1870 Platonis·

255 1916 305 1981 sui
334 1915 543 1997 praestanda,
565 1913 711 1981 Pisonem
744 1916 863 1981 inducit
896 1935 1083 1999 generosum
1107 1920 1192 1997 ado-,-

254 2035 420 2116 lescentem
459 2033 504 2098 sic
535 2031 784 2114 adhortantem:
830 2031 886 2098 Ad
922 2049 1037 2114 ueteres
1075 2006 1213 2121 igiear'

254 2145 450 2216 Academicos
468 2163 511 2243 'et
543 2147 765 2232 Peripateticos
795 2164 936 2214 converte
954 2165 1020 2230 ee,
1054 2153 1177 2236 quaeso.

254 2265 311 2331 Ex
336 2282 439 2331 eoram
466 2268 546 2329 enim
576 2267 700 2349 scriptis
731 2280 763 2327 ce
798 2269 951 2330 institutis
965 2310 969 2361 1
984 2288 1054 2332 cum
1082 2271 1180 2339 omnis

144 2442 147 2447 .
253 2379 398 2448 doctrina
415 2380 575 2468 liberalis,
598 2382 695 2447 omnis
715 2381 871 2462 historia,
893 2385 989 2448 omnis
1005 2403 1104 2451 sermo
1120 2386 1184 2455 cle·.

250 2516 331 2584 gant
359 2502 439 2564 sami
455 2510 581 2584 potest,
602 2512 669 2562 tam
694 2500 835 2565 uarietas
853 2514 898 2565 cst
918 2515 1013 2565 casata
1032 2503 1194 2583 arsiam„
1219 2484 1228 2512 ²

253 2634 289 2684 ae
311 2637 396 2682 nemo
423 2620 488 2682 siue
515 2636 547 2680 co
583 2619 789 2686 icastrameato
813 2615 980 2681 adullam
1012 2637 1078 2683 rem
1103 2618 1193 2689 illa-r

251 2735 394 2799 seriorem
424 2733 500 2795 satis
518 2745 651 2796 ornatas
667 2733 762 2815 possit
789 2731 933 2797 accedere
953 2732 1010 2799 (ι).
1054 2732 1090 2798 Si
1111 2753 1193 2815 quo,

249 2849 316 2915 alio
344 2865 384 2915 er
409 2849 482 2911 loco
506 2862 672 2932 veterum,
705 2864 743 2912 ex
775 2848 824 2912 his
849 2848 1050 2931 potissimum
1086 2850 1193 2917 Cice-2

252 2964 337 3029 ronis
367 2948 553 3041 sentemiis,
587 2980 666 3041 quae
695 2964 822 3043 propria
842 2943 984 3043 Platonis
1014 2966 1110 3033 inerit
1139 2967 1180 3033 de

252 3077 402 3161 opinione
425 3091 457 3141 et
483 3075 613 3140 scientiti
634 3075 878 3157 philosophandi
898 3079 997 3156 ratio,
1021 3098 1179 3160 quamque

252 3194 320 3258 vim
339 3193 391 3257 illa
408 3206 441 3257 et
459 3191 667 3257 efficacitatem
696 3192 734 3256 ad
761 3192 876 3274 optima
895 3193 1056 3258 hominum
1076 3195 1185 3262 studia·

250 3310 358 3375 alenda
383 3308 546 3391 habuerit,
580 3308 751 3392 intelligere
774 3307 869 3375 licet,
905 3309 949 3374 Et
975 3308 1021 3375 sic
1050 3309 1177 3390 quidem

182 3483 184 3488 ,
250 3446 310 3492 nos
330 3427 476 3506 tandem,
498 3424 684 3508 comparatis
708 3444 778 3492 cum
800 3425 937 3490 Platonis
955 3424 1100 3491 doctrina
1122 3443 1176 3490 so·

250 3542 423 3626 phistarum
450 3541 690 3624 priscorumque
727 3542 990 3626 philosophorum
1030 3541 1177 3624 placitis,

237 3656 384 3742 ¹ipsoque
402 3659 532 3725 Platone
552 3677 569 3722 a
590 3658 685 3724 variis
709 3673 741 3725 et
761 3657 971 3742 scepticorum
992 3672 1024 3724 et
1053 3660 1180 3744 dogma·

138 3742 158 3827 Ε
246 3776 383 3852 ticorum
413 3774 580 3858 generibus
615 3771 795 3860 'distincto,
835 3777 926 3842 talem
954 3776 1181 3861 philosophum

1098 3908 1183 3957 sum·

283 4028 417 4102 (ancia.
435 4027 468 4081 de
486 4027 546 4080 Fin.
565 4025 603 4081 V.
620 4043 645 4080 c.
662 4027 710 4093 5„
