2896 5168
615 514 807 563 -ttt-

253 680 381 746 minisse
410 696 540 762 prorsus
565 692 703 761 oportet.
737 711 782 729 -
823 676 938 742 Nonne
967 681 1009 762 τῷ
1033 683 1175 762 herasmi»

248 795 397 862 convenit
428 794 599 879 imperare,
629 795 845 886 cumtsapiens
866 795 930 870 sit,
962 809 1106 876 geratque
1127 809 1176 860 to·

250 912 314 977 tius
337 912 431 977 animi
452 910 705 995 providentiam?
744 914 786 996 τῷ
807 914 952 994 θυμοειδεῖ
967 929 1064 991 vero,
1087 911 1179 977 obse·

252 1027 309 1109 qui
339 1027 451 1094 rationi
480 1047 601 1110 proque
632 1028 683 1094 illa
715 1028 878 1112 pugnare?
907 1063 954 1079 -
994 1029 1097 1094 Plane.
1131 1061 1177 1080 -

253 1147 369 1213 Nonne
396 1146 530 1213 musicae
551 1162 582 1211 et
603 1145 810 1229 gymnasticae
837 1145 1007 1228 aequabilis
1029 1147 1181 1230 conjunc·
1282 1140 1287 1154 '

253 1262 321 1343 tio,
343 1279 379 1328 ut
401 1263 567 1330 concordia
588 1262 639 1328 illa
669 1262 753 1342 siut,
776 1261 888 1342 efficit,
910 1263 1038 1328 alterum
1068 1264 1179 1330 horum

250 1379 412 1446 intendens
443 1397 625 1463 augensque
657 1394 688 1444 et
720 1379 885 1461 praeclaris
918 1376 1116 1444 sermonibus
1145 1398 1181 1446 ae

248 1496 423 1580 disciplinis
442 1495 603 1574 nutriens,
625 1496 754 1560 alterum
775 1513 850 1559 vero
873 1496 1047 1574 remittens,
1070 1498 1179 1564 sedans

250 1633 285 1680 ac
304 1632 366 1697 per¹
376 1612 565 1678 harmoniam
577 1625 672 1692 atque
688 1611 844 1693 rythmum
858 1608 1183 1678 mansuefaciens?-

255 1731 403 1799 Manime.
422 1763 469 1779 -
510 1728 596 1792 Haec
617 1725 713 1809 igitur
735 1726 780 1789 sic
804 1725 940 1804 nutrita,
962 1744 1031 1791 cum
1057 1746 1114 1793 sua
1139 1746 1188 1793 re·
1256 1806 1267 1820 .

254 1850 327 1912 v'era
347 1844 534 1920 didicerint,
566 1860 671 1907 nonne
691 1860 834 1925 praeesse
854 1845 895 1926 τῷ
916 1846 1113 1926 inclarescant&
1133 1843 1186 1909 de·

256 1963 400 2040 bebunt‚
430 1960 517 2044 quo'd
547 1959 706 2024 maximam
730 1958 822 2024 animi
844 1974 959 2040 partem
984 1959 1016 2023 iu
1041 1977 1188 2044 unoquo·

244 2095 322 2160 ,que
341 2077 452 2157 efficit,
482 2094 538 2141 nec
559 2074 677 2141 divitiis
706 2074 823 2158 expleri
842 2079 950 2142 nature.
970 2094 1033 2141 non
1061 2090 1184 2160 potest:

254 2196 493 2276 cavebuntque,
525 2211 564 2258 ne
593 2192 691 2272 illud,
727 2190 871 2274 corporis
898 2191 1113 2274 voluptatibus
1141 2213 1189 2257 re-

252 2311 392 2393 pletum,
433 2311 591 2395 grandius·
610 2309 836 2391 robustiusque
868 2309 1001 2388 evadat,
1044 2308 1186 2390 nolitque

255 2448 315 2494 suo
333 2427 422 2510 fungi
448 2427 573 2504 officio,
596 2426 652 2491 sed
669 2425 824 2509 subjicere
844 2423 906 2489 sibi
928 2424 978 2489 illa
999 2426 1186 2501 contendat,

219 2526 229 2543 ⁴
258 2542 373 2624 quibus
404 2542 553 2623 imperare
578 2544 687 2606 naturd
708 2558 771 2604 non
800 2539 914 2631 debet,
937 2556 1031 2620 atque
1055 2542 1096 2606 ita
1119 2541 1188 2607 uni-

256 2677 374 2723 versam
397 2656 532 2722 omnium
553 2655 647 2720 vitam
670 2669 835 2736 pervertat.
850 2656 895 2705 -’-
915 2656 968 2720 Sic
988 2675 1129 2739 prorsus.
1143 2700 1186 2714 -

258 2774 344 2858 Quin
370 2773 459 2837 etiam
488 2773 526 2837 ab
556 2771 689 2836 externis
720 2769 866 2835 hostibus
895 2771 959 2834 duo
988 2771 1037 2837 illa
1067 2775 1185 2856 optime

258 2891 435 2954 universum
463 2904 494 2952 et
523 2888 656 2951 animum
679 2902 710 2951 et
737 2905 852 2981 corpus
873 2886 1092 2968 vindicabunt,
1113 2910 1185 2957 cum

261 3006 338 3072 illud
359 3003 482 3085 quidem
510 3003 641 3086 provide
669 3002 822 3080 consulit,
846 3002 905 3065 hoc
926 3019 1027 3069 autem
1049 3023 1188 3090 propug-

260 3119 479 3203 nat‚principi
499 3120 735 3202 obtemperans,
755 3134 784 3183 et
797 3116 997 3198 fortitudine,
1019 3141 1099 3203 quae
1114 3141 1189 3193 con.

260 3241 341 3305 sulta
361 3253 456 3316 sunt,
482 3253 642 3319 peragens.
664 3273 709 3289 -
732 3213 812 3301 Vera
837 3238 910 3302 haec
933 3252 1020 3304 sunt.
1042 3276 1086 3293 -·
1113 3239 1188 3323 Eor-

257 3371 319 3421 tem
354 3349 496 3437 proiecto
526 3353 583 3417 hac
612 3325 659 3416 ex¹
678 3368 764 3435 parte
790 3353 890 3419 virum
918 3374 1074 3438 quemque
1095 3376 1189 3424 noca·

260 3490 354 3550 mus,
388 3470 464 3548 nbi,
494 3470 581 3553 quod
607 3470 666 3552 ipsi
685 3470 803 3551 inest,
835 3476 980 3556 toparchia
1012 3473 1043 3537 in
1077 3475 1185 3540 mediis

259 3585 478 3670 voluptatibus
500 3605 535 3651 ac
555 3586 719 3653 doloribus
745 3570 776 3652 id
802 3587 972 3670 observat,
995 3590 1082 3670 quod
1109 3591 1187 3656 ratio

222 3706 234 3729 ⁸
260 3702 462 3788 praescripsit
481 3704 530 3767 vel
553 3702 689 3768 terribile
714 3704 764 3767 vel
792 3721 856 3768 non
879 3705 1013 3771 terribile
1039 3722 1120 3774 esse.
1142 3743 1187 3760 -

259 3822 369 3887 Recte.
392 3859 436 3872 -
478 3818 652 3901 Sapientem
691 3837 765 3884 veto
803 3824 897 3901 parvi
926 3820 978 3885 illd
1009 3838 1046 3885 ex
1077 3837 1188 3904 parte,

260 3954 340 4018 quae
367 3951 398 4001 et
429 3935 557 4018 imperat
588 3934 620 3999 in
655 3935 727 4018 ipso
758 3951 789 4001 et
823 3936 881 4001 ista
918 3935 1036 4017 dictat,
1069 3940 1185 4006 habens

260 4053 332 4116 item
356 4052 387 4115 in
418 4071 487 4119 sese
507 4038 685 4130 scientiam,
709 4072 769 4135 qua
793 4052 964 4135 discernit,
986 4055 1061 4137 qaid
1082 4057 1189 4141 potia·

1146 4174 1187 4237 si'·

670 4319 688 4362 e
