2896 5168
656 484 851 549 ημ-

278 640 409 731 lectica,
431 651 536 715 ethica
547 674 557 716 .·
578 650 665 731 quod
686 650 865 715 fecerunta
888 649 1062 715 Xenocrate
1080 652 1152 718 inde
1172 653 1213 720 ad

276 770 356 833 hane
384 784 522 834 nostram
553 781 679 832 aetatem
717 767 914 848 interpretes.
983 764 1150 853 Repugnat
1178 769 1214 838 id

274 885 334 966 ipsi
353 885 528 951 Platonicae
550 883 770 968 philosophiae
790 884 886 948 indoli
905 903 939 949 ae
961 900 1105 966 naturae,
1128 907 1212 969 quae

273 1020 339 1067 noa
367 1001 497 1085 partium
529 1016 690 1083 systema,
716 1003 771 1066 sed
799 1020 906 1083 reapse
934 1001 1117 1084 institutio,
1143 1004 1210 1070 imo

273 1136 351 1182 vero
372 1122 512 1187 initiatio
533 1119 679 1196 quaedam
708 1133 754 1182 est
782 1120 820 1182 ad
848 1138 955 1199 puram
986 1119 1211 1188 intaminatam·

274 1252 336 1314 que
356 1234 584 1314 percipiendam
605 1235 776 1304 veritatem.
829 1235 938 1316 ltaque
962 1238 1064 1319 agitur
1082 1239 1209 1320 quidem

270 1350 357 1414 inei
381 1350 623 1430 dediderunt,
655 1352 758 1433 agitur
787 1346 825 1415 de
854 1352 977 1436 edrici,
1003 1354 1142 1436 itemque
1168 1359 1210 1423 de

231 1462 234 1467 ⁴
269 1466 424 1551 physiel;
457 1470 511 1533 sed
536 1484 609 1532 sunt
633 1470 715 1549 apud
736 1470 895 1533 Platonem
914 1488 995 1535 artes
1015 1492 1051 1537 ae
1069 1472 1210 1555 discipli·

268 1604 348 1666 nae,
371 1570 553 1666 praesertim
575 1585 714 1664 musica,
744 1585 925 1668 dialectica,
959 1587 1079 1668 ethica,
1103 1589 1205 1655 veluti

264 1703 389 1791 gradus
411 1702 562 1783 quidam,
581 1702 698 1782 quibus
718 1705 756 1767 ad
776 1704 940 1769 sublimem
961 1707 1000 1770 de
1021 1709 1089 1773 Deo
1107 1726 1144 1772 ae
1165 1708 1205 1773 de

189 1811 192 1815 ’
267 1820 414 1889 universo
442 1818 639 1897 doctrinam,
669 1838 761 1901 quam
781 1824 938 1905 physicam
958 1829 1110 1889 vocarunt
1129 1841 1208 1906 pos·

161 1976 166 1985 ·
263 1950 315 2003 tea
345 1935 485 2016 antiqui,
512 1935 703 2001 escenditur.
760 1937 837 2001 Non
867 1955 993 2005 constat
1014 1939 1095 2005 enim
1116 1942 1202 2024 apud

264 2055 424 2123 Platonem
447 2054 647 2133 philosophia
668 2054 839 2138 doctrinis;
870 2058 925 2122 sed
945 2058 1065 2122 artibus
1086 2057 1203 2121 doctri·

263 2169 378 2250 nisque
407 2172 526 2248 utitur,
556 2186 590 2233 ut
620 2171 778 2259 hominem
809 2173 848 2237 ad
878 2173 1058 2255 sapientiam
1080 2192 1115 2238 ac
1136 2174 1200 2241 Dei

264 2285 497 2353 similitudinem
528 2287 638 2350 evehat
668 2304 699 2351 et
726 2287 877 2369 perficiat.
933 2290 1134 2375 Quapropter
1158 2291 1199 2357 ab

263 2403 319 2469 illo
339 2404 448 2469 divino
469 2404 622 2483 nomine,
653 2410 671 2483 ἡ
692 2410 755 2473 dria
775 2411 945 2491 ortamota
965 2408 1117 2488 appellata
1136 2420 1199 2476 est.

262 2520 411 2587 Omnium
434 2541 507 2586 vero
528 2524 657 2601 maxime
679 2523 849 2586 cavendum
871 2523 1059 2602 essedum,
1087 2542 1125 2586 ne
1145 2541 1196 2589 ae·

261 2639 334 2707 tatis
364 2658 448 2704 meae
478 2638 644 2720 opiniones
672 2639 981 2719 philosophandique
1002 2656 1140 2701 normam
1162 2639 1197 2702 in

179 2816 182 2821 ,
259 2757 423 2838 antiquum
452 2756 530 2820 illud
559 2755 697 2820 Platonis
726 2774 834 2818 aevum
863 2756 1065 2819 traducerem.
1111 2752 1195 2819 Hine

259 2873 340 2937 enim
373 2876 523 2953 quantum
556 2886 587 2935 et
618 2871 720 2935 omnis
744 2869 939 2951 antiquitatis
962 2885 992 2934 et
1014 2870 1195 2952 praesertim

258 2990 397 3055 Platonis
426 2989 636 3070 interpretatio
666 2988 841 3053 detrimenti
868 2987 1009 3068 ceperit,
1037 2988 1099 3050 dici
1127 3006 1194 3055 non

257 3120 376 3191 potest.
409 3108 489 3172 Nam
513 3106 667 3187 primum,
689 3105 798 3169 alienis
818 3103 1027 3168 immiscendis
1044 3120 1195 3187 corrupta

257 3226 349 3307 plane
380 3240 427 3289 est
457 3240 489 3288 ct
519 3223 684 3287 obscurata
716 3222 900 3304 philosophi
929 3222 1093 3303 doctriua,
1122 3237 1192 3287 tuna

255 3341 371 3422 etiam,
404 3357 439 3404 ut
466 3340 596 3405 obtrusa
633 3341 755 3404 Platoni
787 3355 880 3416 suut,
920 3359 998 3420 quae
1035 3358 1099 3404 noo
1136 3358 1190 3405 ex·

255 3471 372 3522 starent
415 3457 448 3520 in
487 3454 587 3538 ipsius
616 3456 773 3536 seriptis,
814 3457 876 3535 ita,
918 3476 997 3537 quae
1035 3471 1191 3523 exstarent

254 3573 448 3654 maximeque
480 3574 658 3637 viderentur
696 3585 868 3635 memoratu
896 3572 1008 3653 digna,
1049 3577 1190 3660 neglecta

253 3707 340 3756 sunt.
386 3691 516 3767 Veluti,
552 3709 630 3770 quac
656 3690 695 3752 de
724 3687 866 3766 musica,
903 3690 942 3753 de
963 3689 1074 3770 poesi,
1100 3711 1188 3774 prae.

251 3808 356 3873 sertim
386 3809 425 3871 de
455 3825 559 3872 amore
588 3822 618 3869 et
651 3804 767 3883 duplici
801 3805 926 3884 quidem
959 3805 1037 3886 illo,
1069 3811 1188 3894 οὐρανίῳ

252 3944 283 3988 et
303 3928 470 4007 πανδήμῳ,
493 3921 570 3987 mira
592 3920 740 4001 elegantia
763 3922 891 4002 scripsit
905 3925 1022 4003 Plato,
1053 3941 1118 3988 non
1138 3943 1190 3990 ee-

225 4046 364 4120 “perunt
404 4037 478 4099 hacc
520 4033 684 4115 homines,
727 4036 930 4100 recentiorum
966 4039 1187 4119 systematibus

1136 4156 1191 4220 ad·
