<?xml version="1.0" encoding="UTF-8"?>
<!DOCTYPE html PUBLIC "-//W3C//DTD XHTML 1.0 Transitional//EN"
    "http://www.w3.org/TR/xhtml1/DTD/xhtml1-transitional.dtd">
<html xmlns="http://www.w3.org/1999/xhtml" xml:lang="en" lang="en">
 <head>
  <title>
</title>
<meta http-equiv="Content-Type" content="text/html;charset=utf-8" />
  <meta name='ocr-system' content='tesseract 3.04.00' />
  <meta name='ocr-capabilities' content='ocr_page ocr_carea ocr_par ocr_line ocrx_word'/>
</head>
<body>
  <div class='ocr_page' id='page_1' title='image "./initiaphilosoph04heusgoog_0341.png"; bbox 0 0 2896 5168; ppageno 0'>
   <div class='ocr_carea' id='block_1_1' title="bbox 530 446 706 510">
    <p class='ocr_par' dir='ltr' id='par_1_1' title="bbox 530 446 706 510">
     <span class='ocr_line' id='line_1_1' title="bbox 530 446 706 510; baseline 0 -14"><span class='ocrx_word' id='word_1_1' title='bbox 530 446 706 510; x_wconf 52' lang='lat'><strong>„⁶1-</strong></span> 
     </span>
    </p>
   </div>
   <div class='ocr_carea' id='block_1_2' title="bbox 164 623 1070 943">
    <p class='ocr_par' dir='ltr' id='par_1_2' title="bbox 164 623 1070 943">
     <span class='ocr_line' id='line_1_2' title="bbox 317 623 898 710; baseline -0.012 -15"><span class='ocrx_word' id='word_1_2' title='bbox 317 627 576 695; x_wconf 79' lang='lat' dir='ltr'><strong>Discernere</strong></span> <span class='ocrx_word' id='word_1_3' title='bbox 604 624 699 689; x_wconf 80' lang='lat' dir='ltr'><strong>haec</strong></span> <span class='ocrx_word' id='word_1_4' title='bbox 729 623 898 710; x_wconf 79' lang='lat' dir='ltr'><strong>placita</strong></span> 
     </span>
     <span class='ocr_line' id='line_1_3' title="bbox 164 739 1070 828; baseline -0.004 -18"><span class='ocrx_word' id='word_1_5' title='bbox 164 744 366 825; x_wconf 73' lang='lat' dir='ltr'><strong>Platonis</strong></span> <span class='ocrx_word' id='word_1_6' title='bbox 399 740 450 808; x_wconf 78' lang='lat' dir='ltr'><strong>ab</strong></span> <span class='ocrx_word' id='word_1_7' title='bbox 479 739 742 825; x_wconf 73' lang='lat' dir='ltr'><strong>Aristortlis</strong></span> <span class='ocrx_word' id='word_1_8' title='bbox 771 741 1070 828; x_wconf 72' lang='lat' dir='ltr'><strong>metaphysiod&#39;</strong></span> 
     </span>
     <span class='ocr_line' id='line_1_4' title="bbox 517 870 693 943; baseline 0.011 -23"><span class='ocrx_word' id='word_1_9' title='bbox 517 870 693 943; x_wconf 77' lang='lat' dir='ltr'><strong>oportet.</strong></span> 
     </span>
    </p>
   </div>
   <div class='ocr_carea' id='block_1_3' title="bbox 143 1085 1075 1409">
    <p class='ocr_par' dir='ltr' id='par_1_3' title="bbox 143 1085 1075 1409">
     <span class='ocr_line' id='line_1_5' title="bbox 148 1085 1075 1171; baseline -0.004 -11"><span class='ocrx_word' id='word_1_10' title='bbox 148 1126 153 1135; x_wconf 80' lang='lat'><strong>,</strong></span> <span class='ocrx_word' id='word_1_11' title='bbox 184 1092 292 1160; x_wconf 81' lang='lat' dir='ltr'><strong>Altius</strong></span> <span class='ocrx_word' id='word_1_12' title='bbox 318 1094 443 1158; x_wconf 80' lang='lat' dir='ltr'>evolare</span> <span class='ocrx_word' id='word_1_13' title='bbox 465 1089 644 1168; x_wconf 89' lang='lat' dir='ltr'><strong>hominem,</strong></span> <span class='ocrx_word' id='word_1_14' title='bbox 676 1106 768 1168; x_wconf 89' lang='lat' dir='ltr'><strong>quam</strong></span> <span class='ocrx_word' id='word_1_15' title='bbox 796 1085 897 1171; x_wconf 87' lang='lat' dir='ltr'><strong>ipsius</strong></span> <span class='ocrx_word' id='word_1_16' title='bbox 927 1087 990 1155; x_wconf 87' lang='lat' dir='ltr'><strong>fert</strong></span> <span class='ocrx_word' id='word_1_17' title='bbox 1017 1108 1075 1157; x_wconf 83' lang='lat' dir='ltr'><strong>na·</strong></span> 
     </span>
     <span class='ocr_line' id='line_1_6' title="bbox 148 1203 1073 1290; baseline -0.001 -18"><span class='ocrx_word' id='word_1_18' title='bbox 148 1223 240 1290; x_wconf 83' lang='lat' dir='ltr'><strong>tum,</strong></span> <span class='ocrx_word' id='word_1_19' title='bbox 262 1222 354 1274; x_wconf 86' lang='lat' dir='ltr'><strong>vetus</strong></span> <span class='ocrx_word' id='word_1_20' title='bbox 384 1222 510 1275; x_wconf 89' lang='lat' dir='ltr'><strong>estnec</strong></span> <span class='ocrx_word' id='word_1_21' title='bbox 530 1203 645 1290; x_wconf 88' lang='lat' dir='ltr'><strong>injusta</strong></span> <span class='ocrx_word' id='word_1_22' title='bbox 665 1221 820 1286; x_wconf 83' lang='lat' dir='ltr'><strong>prorsus,</strong></span> <span class='ocrx_word' id='word_1_23' title='bbox 842 1223 859 1270; x_wconf 88' lang='lat' dir='ltr'><strong>a</strong></span> <span class='ocrx_word' id='word_1_24' title='bbox 879 1203 982 1287; x_wconf 79' lang='lat' dir='ltr'><strong>poetis</strong></span> <span class='ocrx_word' id='word_1_25' title='bbox 1007 1222 1073 1271; x_wconf 89' lang='lat' dir='ltr'><strong>non</strong></span> 
     </span>
     <span class='ocr_line' id='line_1_7' title="bbox 143 1317 1035 1409; baseline -0.003 -20"><span class='ocrx_word' id='word_1_26' title='bbox 143 1323 270 1405; x_wconf 88' lang='lat' dir='ltr'><strong>minus,</strong></span> <span class='ocrx_word' id='word_1_27' title='bbox 291 1342 384 1407; x_wconf 88' lang='lat' dir='ltr'><strong>quam</strong></span> <span class='ocrx_word' id='word_1_28' title='bbox 407 1342 424 1389; x_wconf 90' lang='lat' dir='ltr'><strong>a</strong></span> <span class='ocrx_word' id='word_1_29' title='bbox 451 1318 652 1409; x_wconf 87' lang='lat' dir='ltr'><strong>philosophis</strong></span> <span class='ocrx_word' id='word_1_30' title='bbox 674 1317 871 1402; x_wconf 80' lang='lat' dir='ltr'><strong>frequentata</strong></span> <span class='ocrx_word' id='word_1_31' title='bbox 891 1321 1035 1403; x_wconf 78' lang='lat' dir='ltr'><strong>querelas</strong></span> 
     </span>
    </p>
   </div>
   <div class='ocr_carea' id='block_1_4' title="bbox 243 1554 1014 1760">
    <p class='ocr_par' dir='ltr' id='par_1_4' title="bbox 243 1554 1014 1760">
     <span class='ocr_line' id='line_1_8' title="bbox 243 1554 888 1641; baseline -0.006 -18"><span class='ocrx_word' id='word_1_32' title='bbox 243 1557 309 1623; x_wconf 80' lang='lat' dir='ltr'><strong>Nil</strong></span> <span class='ocrx_word' id='word_1_33' title='bbox 326 1554 510 1622; x_wconf 76' lang='lat' dir='ltr'><em>mortalibus</em></span> <span class='ocrx_word' id='word_1_34' title='bbox 529 1554 665 1622; x_wconf 83' lang='lat' dir='ltr'><strong>arduum</strong></span> <span class='ocrx_word' id='word_1_35' title='bbox 688 1570 755 1621; x_wconf 78' lang='lat' dir='ltr'><strong>ert:</strong></span> <span class='ocrx_word' id='word_1_36' title='bbox 885 1632 888 1641; x_wconf 32' lang='grc' dir='ltr'>Ι</span> 
     </span>
     <span class='ocr_line' id='line_1_9' title="bbox 303 1665 1014 1760; baseline -0.007 -18"><span class='ocrx_word' id='word_1_37' title='bbox 303 1680 307 1713; x_wconf 76' lang='lat'>³</span> <span class='ocrx_word' id='word_1_38' title='bbox 344 1673 466 1741; x_wconf 80' lang='lat' dir='ltr'><strong>Caelum</strong></span> <span class='ocrx_word' id='word_1_39' title='bbox 486 1676 586 1760; x_wconf 83' lang='lat' dir='ltr'><strong>ipsum</strong></span> <span class='ocrx_word' id='word_1_40' title='bbox 603 1675 738 1760; x_wconf 77' lang='lat' dir='ltr'><strong>petimus</strong></span> <span class='ocrx_word' id='word_1_41' title='bbox 758 1672 963 1738; x_wconf 60' lang='lat' dir='ltr'><strong>stultitiam.</strong></span> <span class='ocrx_word' id='word_1_42' title='bbox 1010 1665 1014 1673; x_wconf 81' lang='grc'><strong>’</strong></span> 
     </span>
    </p>
   </div>
   <div class='ocr_carea' id='block_1_5' title="bbox 49 1905 1073 3950">
    <p class='ocr_par' dir='ltr' id='par_1_5' title="bbox 49 1905 1073 3950">
     <span class='ocr_line' id='line_1_10' title="bbox 140 1905 1070 1990; baseline -0.003 -17"><span class='ocrx_word' id='word_1_43' title='bbox 140 1907 184 1973; x_wconf 85' lang='lat' dir='ltr'><strong>Et</strong></span> <span class='ocrx_word' id='word_1_44' title='bbox 200 1922 345 1989; x_wconf 85' lang='lat' dir='ltr'><strong>constat,</strong></span> <span class='ocrx_word' id='word_1_45' title='bbox 379 1927 481 1975; x_wconf 83' lang='lat' dir='ltr'><strong>rerum</strong></span> <span class='ocrx_word' id='word_1_46' title='bbox 512 1905 772 1990; x_wconf 79' lang='lat' dir='ltr'><strong>exquirendorum</strong></span> <span class='ocrx_word' id='word_1_47' title='bbox 798 1905 979 1971; x_wconf 84' lang='lat' dir='ltr'><strong>difficultate</strong></span> <span class='ocrx_word' id='word_1_48' title='bbox 1003 1919 1070 1973; x_wconf 86' lang='lat' dir='ltr'><strong>non</strong></span> 
     </span>
     <span class='ocr_line' id='line_1_11' title="bbox 142 2021 1072 2104; baseline 0 -16"><span class='ocrx_word' id='word_1_49' title='bbox 142 2037 259 2089; x_wconf 89' lang='lat' dir='ltr'><strong>tantum</strong></span> <span class='ocrx_word' id='word_1_50' title='bbox 279 2043 345 2089; x_wconf 91' lang='lat' dir='ltr'><strong>non</strong></span> <span class='ocrx_word' id='word_1_51' title='bbox 366 2022 565 2091; x_wconf 83' lang='lat' dir='ltr'><strong>absterritum</strong></span> <span class='ocrx_word' id='word_1_52' title='bbox 586 2023 687 2091; x_wconf 87' lang='lat' dir='ltr'><strong>fuisse</strong></span> <span class='ocrx_word' id='word_1_53' title='bbox 709 2023 793 2090; x_wconf 91' lang='lat' dir='ltr'><strong>omni</strong></span> <span class='ocrx_word' id='word_1_54' title='bbox 817 2041 916 2104; x_wconf 88' lang='lat' dir='ltr'><strong>aevo,</strong></span> <span class='ocrx_word' id='word_1_55' title='bbox 946 2021 1002 2089; x_wconf 87' lang='lat' dir='ltr'><strong>sed</strong></span> <span class='ocrx_word' id='word_1_56' title='bbox 1016 2039 1072 2088; x_wconf 81' lang='lat' dir='ltr'><strong>ex·</strong></span> 
     </span>
     <span class='ocr_line' id='line_1_12' title="bbox 141 2139 1073 2224; baseline -0.002 -18"><span class='ocrx_word' id='word_1_57' title='bbox 141 2140 271 2206; x_wconf 83' lang='lat' dir='ltr'><strong>citatum</strong></span> <span class='ocrx_word' id='word_1_58' title='bbox 298 2140 376 2207; x_wconf 86' lang='lat' dir='ltr'><strong>adeo</strong></span> <span class='ocrx_word' id='word_1_59' title='bbox 404 2141 562 2224; x_wconf 81' lang='lat' dir='ltr'><strong>ingenium</strong></span> <span class='ocrx_word' id='word_1_60' title='bbox 596 2141 791 2222; x_wconf 90' lang='lat' dir='ltr'><strong>humanum,</strong></span> <span class='ocrx_word' id='word_1_61' title='bbox 822 2156 880 2222; x_wconf 86' lang='lat' dir='ltr'><strong>ut,</strong></span> <span class='ocrx_word' id='word_1_62' title='bbox 908 2157 973 2224; x_wconf 91' lang='lat' dir='ltr'><strong>quo</strong></span> <span class='ocrx_word' id='word_1_63' title='bbox 994 2139 1073 2222; x_wconf 90' lang='lat' dir='ltr'><strong>quid</strong></span> 
     </span>
     <span class='ocr_line' id='line_1_13' title="bbox 142 2255 1071 2341; baseline 0.001 -20"><span class='ocrx_word' id='word_1_64' title='bbox 142 2260 225 2322; x_wconf 85' lang='lat' dir='ltr'><strong>esset</strong></span> <span class='ocrx_word' id='word_1_65' title='bbox 246 2255 422 2335; x_wconf 83' lang='lat' dir='ltr'><strong>excelsius,</strong></span> <span class='ocrx_word' id='word_1_66' title='bbox 456 2273 521 2336; x_wconf 86' lang='lat' dir='ltr'><strong>quo</strong></span> <span class='ocrx_word' id='word_1_67' title='bbox 549 2255 624 2319; x_wconf 87' lang='lat' dir='ltr'><strong>item</strong></span> <span class='ocrx_word' id='word_1_68' title='bbox 652 2258 690 2319; x_wconf 90' lang='lat' dir='ltr'><strong>ad</strong></span> <span class='ocrx_word' id='word_1_69' title='bbox 723 2257 783 2321; x_wconf 88' lang='lat' dir='ltr'><strong>rite</strong></span> <span class='ocrx_word' id='word_1_70' title='bbox 819 2255 1071 2341; x_wconf 87' lang='lat' dir='ltr'><strong>cognoscendum</strong></span> 
     </span>
     <span class='ocr_line' id='line_1_14' title="bbox 143 2368 1072 2455; baseline -0.001 -20"><span class='ocrx_word' id='word_1_71' title='bbox 143 2369 317 2450; x_wconf 88' lang='lat' dir='ltr'><strong>difficilius,</strong></span> <span class='ocrx_word' id='word_1_72' title='bbox 339 2388 378 2435; x_wconf 91' lang='lat' dir='ltr'><strong>eo</strong></span> <span class='ocrx_word' id='word_1_73' title='bbox 397 2368 497 2455; x_wconf 84' lang='lat' dir='ltr'><strong>magis</strong></span> <span class='ocrx_word' id='word_1_74' title='bbox 521 2368 695 2435; x_wconf 85' lang='lat' dir='ltr'><strong>adverteret</strong></span> <span class='ocrx_word' id='word_1_75' title='bbox 717 2370 844 2435; x_wconf 87' lang='lat' dir='ltr'><strong>humani</strong></span> <span class='ocrx_word' id='word_1_76' title='bbox 864 2369 1072 2454; x_wconf 86' lang='lat' dir='ltr'><strong>generis-sttr-</strong></span> 
     </span>
     <span class='ocr_line' id='line_1_15' title="bbox 141 2483 1073 2569; baseline 0.002 -20"><span class='ocrx_word' id='word_1_77' title='bbox 141 2483 203 2549; x_wconf 87' lang='lat' dir='ltr'><strong>dia.</strong></span> <span class='ocrx_word' id='word_1_78' title='bbox 249 2484 352 2568; x_wconf 89' lang='lat' dir='ltr'><strong>Cujus</strong></span> <span class='ocrx_word' id='word_1_79' title='bbox 379 2484 424 2550; x_wconf 88' lang='lat' dir='ltr'><strong>rei</strong></span> <span class='ocrx_word' id='word_1_80' title='bbox 449 2483 673 2549; x_wconf 87' lang='lat' dir='ltr'><strong>documentum</strong></span> <span class='ocrx_word' id='word_1_81' title='bbox 695 2500 744 2549; x_wconf 90' lang='lat' dir='ltr'><strong>est</strong></span> <span class='ocrx_word' id='word_1_82' title='bbox 766 2483 890 2569; x_wconf 88' lang='lat' dir='ltr'><strong>insigne</strong></span> <span class='ocrx_word' id='word_1_83' title='bbox 909 2484 1013 2551; x_wconf 80' lang='lat' dir='ltr'><strong>cadem</strong></span> <span class='ocrx_word' id='word_1_84' title='bbox 1035 2486 1073 2551; x_wconf 91' lang='lat' dir='ltr'><strong>il·</strong></span> 
     </span>
     <span class='ocr_line' id='line_1_16' title="bbox 141 2600 1072 2687; baseline 0.002 -22"><span class='ocrx_word' id='word_1_85' title='bbox 141 2602 194 2682; x_wconf 92' lang='lat' dir='ltr'><strong>la,</strong></span> <span class='ocrx_word' id='word_1_86' title='bbox 217 2620 309 2684; x_wconf 87' lang='lat' dir='ltr'><strong>quam</strong></span> <span class='ocrx_word' id='word_1_87' title='bbox 335 2600 574 2667; x_wconf 80' lang='lat' dir='ltr'><strong>memoravimus</strong></span> <span class='ocrx_word' id='word_1_88' title='bbox 596 2600 712 2680; x_wconf 90' lang='lat' dir='ltr'><strong>modo,</strong></span> <span class='ocrx_word' id='word_1_89' title='bbox 734 2602 1072 2687; x_wconf 80' lang='lat' dir='ltr'><strong>metaphysica,·caus·</strong></span> 
     </span>
     <span class='ocr_line' id='line_1_17' title="bbox 139 2715 1073 2802; baseline 0 -18"><span class='ocrx_word' id='word_1_90' title='bbox 139 2736 266 2798; x_wconf 88' lang='lat' dir='ltr'><strong>sarum,</strong></span> <span class='ocrx_word' id='word_1_91' title='bbox 290 2732 325 2783; x_wconf 91' lang='lat' dir='ltr'><strong>ut</strong></span> <span class='ocrx_word' id='word_1_92' title='bbox 344 2720 442 2802; x_wconf 84' lang='lat' dir='ltr'><strong>vulgo</strong></span> <span class='ocrx_word' id='word_1_93' title='bbox 462 2716 566 2783; x_wconf 88' lang='lat' dir='ltr'><strong>habita</strong></span> <span class='ocrx_word' id='word_1_94' title='bbox 585 2731 659 2797; x_wconf 88' lang='lat' dir='ltr'><strong>est,</strong></span> <span class='ocrx_word' id='word_1_95' title='bbox 681 2715 830 2797; x_wconf 91' lang='lat' dir='ltr'><strong>scientia,</strong></span> <span class='ocrx_word' id='word_1_96' title='bbox 852 2736 913 2799; x_wconf 87' lang='lat' dir='ltr'><strong>qua</strong></span> <span class='ocrx_word' id='word_1_97' title='bbox 941 2731 1073 2784; x_wconf 86' lang='lat' dir='ltr'><strong>tractan-</strong></span> 
     </span>
     <span class='ocr_line' id='line_1_18' title="bbox 139 2815 1071 2916; baseline 0.002 -16"><span class='ocrx_word' id='word_1_98' title='bbox 139 2835 181 2901; x_wconf 73' lang='lat' dir='ltr'><strong>di</strong></span> <span class='ocrx_word' id='word_1_99' title='bbox 200 2815 245 2902; x_wconf 86' lang='lat' dir='ltr'><strong>sic</strong></span> <span class='ocrx_word' id='word_1_100' title='bbox 266 2836 363 2900; x_wconf 88' lang='lat' dir='ltr'><strong>homo</strong></span> <span class='ocrx_word' id='word_1_101' title='bbox 389 2853 425 2900; x_wconf 87' lang='lat' dir='ltr'><strong>se</strong></span> <span class='ocrx_word' id='word_1_102' title='bbox 446 2834 574 2900; x_wconf 85' lang='lat' dir='ltr'><strong>annisus</strong></span> <span class='ocrx_word' id='word_1_103' title='bbox 595 2834 695 2900; x_wconf 85' lang='lat' dir='ltr'><strong>estin</strong></span> <span class='ocrx_word' id='word_1_104' title='bbox 714 2837 810 2900; x_wconf 88' lang='lat' dir='ltr'><strong>altum</strong></span> <span class='ocrx_word' id='word_1_105' title='bbox 835 2837 1003 2916; x_wconf 83' lang='lat' dir='ltr'><strong>extollere,</strong></span> <span class='ocrx_word' id='word_1_106' title='bbox 1024 2835 1071 2902; x_wconf 85' lang='lat' dir='ltr'><strong>sic</strong></span> 
     </span>
     <span class='ocr_line' id='line_1_19' title="bbox 140 2950 1069 3036; baseline 0.003 -19"><span class='ocrx_word' id='word_1_107' title='bbox 140 2951 205 3018; x_wconf 86' lang='lat' dir='ltr'><strong>sibi</strong></span> <span class='ocrx_word' id='word_1_108' title='bbox 236 2969 391 3031; x_wconf 88' lang='lat' dir='ltr'><strong>summum</strong></span> <span class='ocrx_word' id='word_1_109' title='bbox 423 2950 565 3032; x_wconf 79' lang='lat' dir='ltr'><strong>attigisse</strong></span> <span class='ocrx_word' id='word_1_110' title='bbox 593 2951 683 3016; x_wconf 86' lang='lat' dir='ltr'><strong>visus</strong></span> <span class='ocrx_word' id='word_1_111' title='bbox 716 2966 786 3031; x_wconf 82' lang='lat' dir='ltr'><strong>est,</strong></span> <span class='ocrx_word' id='word_1_112' title='bbox 822 2964 881 3030; x_wconf 88' lang='lat' dir='ltr'><strong>ut,</strong></span> <span class='ocrx_word' id='word_1_113' title='bbox 916 2953 1069 3036; x_wconf 84' lang='lat' dir='ltr'><strong>repertis,</strong></span> 
     </span>
     <span class='ocr_line' id='line_1_20' title="bbox 142 3065 1072 3150; baseline 0.002 -18"><span class='ocrx_word' id='word_1_114' title='bbox 142 3085 220 3150; x_wconf 90' lang='lat' dir='ltr'><strong>quas</strong></span> <span class='ocrx_word' id='word_1_115' title='bbox 248 3065 443 3147; x_wconf 87' lang='lat' dir='ltr'><strong>somniabat,</strong></span> <span class='ocrx_word' id='word_1_116' title='bbox 466 3083 569 3130; x_wconf 89' lang='lat' dir='ltr'><strong>rerum</strong></span> <span class='ocrx_word' id='word_1_117' title='bbox 598 3066 735 3130; x_wconf 87' lang='lat' dir='ltr'><strong>omnium</strong></span> <span class='ocrx_word' id='word_1_118' title='bbox 763 3067 902 3145; x_wconf 86' lang='lat' dir='ltr'><strong>caussis,</strong></span> <span class='ocrx_word' id='word_1_119' title='bbox 924 3086 996 3134; x_wconf 89' lang='lat' dir='ltr'><strong>esse</strong></span> <span class='ocrx_word' id='word_1_120' title='bbox 1016 3088 1072 3134; x_wconf 85' lang='lat' dir='ltr'><strong>ne·</strong></span> 
     </span>
     <span class='ocr_line' id='line_1_21' title="bbox 128 3173 1071 3272; baseline -0.005 -20"><span class='ocrx_word' id='word_1_121' title='bbox 128 3173 227 3272; x_wconf 74' lang='lat' dir='ltr'><strong>&#39;garet</strong></span> <span class='ocrx_word' id='word_1_122' title='bbox 249 3183 358 3251; x_wconf 90' lang='lat' dir='ltr'><strong>mundi</strong></span> <span class='ocrx_word' id='word_1_123' title='bbox 379 3182 523 3266; x_wconf 88' lang='lat' dir='ltr'><strong>opificem</strong></span> <span class='ocrx_word' id='word_1_124' title='bbox 551 3180 715 3265; x_wconf 86' lang='lat' dir='ltr'><strong>divinum,</strong></span> <span class='ocrx_word' id='word_1_125' title='bbox 738 3181 808 3264; x_wconf 87' lang='lat' dir='ltr'><strong>ipse</strong></span> <span class='ocrx_word' id='word_1_126' title='bbox 830 3180 961 3264; x_wconf 90' lang='lat' dir='ltr'><strong>fingeret</strong></span> <span class='ocrx_word' id='word_1_127' title='bbox 986 3183 1071 3268; x_wconf 87' lang='lat' dir='ltr'><strong>inge·</strong></span> 
     </span>
     <span class='ocr_line' id='line_1_22' title="bbox 140 3297 1072 3386; baseline -0.004 -15"><span class='ocrx_word' id='word_1_128' title='bbox 140 3305 195 3371; x_wconf 89' lang='lat' dir='ltr'><strong>nio</strong></span> <span class='ocrx_word' id='word_1_129' title='bbox 219 3298 485 3386; x_wconf 79' lang='lat' dir='ltr'><strong>componeretque</strong></span> <span class='ocrx_word' id='word_1_130' title='bbox 510 3298 674 3365; x_wconf 88' lang='lat' dir='ltr'><strong>mundum.</strong></span> <span class='ocrx_word' id='word_1_131' title='bbox 739 3298 811 3384; x_wconf 85' lang='lat' dir='ltr'><strong>Qua</strong></span> <span class='ocrx_word' id='word_1_132' title='bbox 841 3297 1072 3367; x_wconf 47' lang='lat' dir='ltr'><strong>sanervanitate</strong></span> 
     </span>
     <span class='ocr_line' id='line_1_23' title="bbox 142 3414 1073 3507; baseline 0 -25"><span class='ocrx_word' id='word_1_133' title='bbox 142 3419 192 3507; x_wconf 88' lang='lat' dir='ltr'><strong>nil</strong></span> <span class='ocrx_word' id='word_1_134' title='bbox 213 3417 274 3483; x_wconf 87' lang='lat' dir='ltr'><strong>fuit</strong></span> <span class='ocrx_word' id='word_1_135' title='bbox 301 3436 469 3499; x_wconf 91' lang='lat' dir='ltr'><strong>umquam,</strong></span> <span class='ocrx_word' id='word_1_136' title='bbox 489 3416 631 3482; x_wconf 87' lang='lat' dir='ltr'><strong>nil-esse</strong></span> <span class='ocrx_word' id='word_1_137' title='bbox 653 3414 783 3500; x_wconf 89' lang='lat' dir='ltr'><strong>potuit,</strong></span> <span class='ocrx_word' id='word_1_138' title='bbox 819 3416 906 3496; x_wconf 88' lang='lat' dir='ltr'><strong>quod</strong></span> <span class='ocrx_word' id='word_1_139' title='bbox 929 3415 1073 3498; x_wconf 85' lang='lat' dir='ltr'><strong>philoso-</strong></span> 
     </span>
     <span class='ocr_line' id='line_1_24' title="bbox 139 3508 1070 3618; baseline 0.003 -22"><span class='ocrx_word' id='word_1_140' title='bbox 139 3532 233 3615; x_wconf 86' lang='lat' dir='ltr'><strong>phiae</strong></span> <span class='ocrx_word' id='word_1_141' title='bbox 254 3532 473 3597; x_wconf 84' lang='lat' dir='ltr'><strong>existimationi</strong></span> <span class='ocrx_word' id='word_1_142' title='bbox 495 3533 661 3616; x_wconf 78' lang='lat' dir='ltr'><strong>ipsiusque</strong></span> <span class='ocrx_word' id='word_1_143' title='bbox 681 3530 793 3598; x_wconf 89' lang='lat' dir='ltr'><strong>studiis</strong></span> <span class='ocrx_word' id='word_1_144' title='bbox 813 3531 941 3598; x_wconf 84' lang='lat' dir='ltr'><strong>obesset</strong></span> <span class='ocrx_word' id='word_1_145' title='bbox 953 3508 1070 3618; x_wconf 71' lang='lat' dir='ltr'><strong>&#39;magia</strong></span> 
     </span>
     <span class='ocr_line' id='line_1_25' title="bbox 141 3645 1072 3734; baseline 0.004 -22"><span class='ocrx_word' id='word_1_146' title='bbox 141 3645 227 3734; x_wconf 89' lang='lat' dir='ltr'><strong>Quid</strong></span> <span class='ocrx_word' id='word_1_147' title='bbox 260 3646 318 3711; x_wconf 83' lang='lat' dir='ltr'><strong>hoc</strong></span> <span class='ocrx_word' id='word_1_148' title='bbox 347 3645 378 3710; x_wconf 90' lang='lat' dir='ltr'><strong>in</strong></span> <span class='ocrx_word' id='word_1_149' title='bbox 414 3663 521 3713; x_wconf 85' lang='lat' dir='ltr'><strong>caussa</strong></span> <span class='ocrx_word' id='word_1_150' title='bbox 548 3650 588 3715; x_wconf 87' lang='lat' dir='ltr'><strong>dc</strong></span> <span class='ocrx_word' id='word_1_151' title='bbox 614 3650 746 3716; x_wconf 88' lang='lat' dir='ltr'><strong>Platone</strong></span> <span class='ocrx_word' id='word_1_152' title='bbox 774 3648 981 3717; x_wconf 87' lang='lat' dir='ltr'><strong>affirmandum</strong></span> <span class='ocrx_word' id='word_1_153' title='bbox 1010 3650 1072 3734; x_wconf 86' lang='lat' dir='ltr'><strong>sit,</strong></span> 
     </span>
     <span class='ocr_line' id='line_1_26' title="bbox 49 3761 1073 3857; baseline 0.006 -26"><span class='ocrx_word' id='word_1_154' title='bbox 49 3848 53 3854; x_wconf 26' lang='grc' dir='ltr'>Ι</span> <span class='ocrx_word' id='word_1_155' title='bbox 141 3762 233 3830; x_wconf 87' lang='lat' dir='ltr'><strong>multi</strong></span> <span class='ocrx_word' id='word_1_156' title='bbox 256 3761 526 3845; x_wconf 69' lang='lat' dir='ltr'><strong>pronuntiarunt,</strong></span> <span class='ocrx_word' id='word_1_157' title='bbox 546 3764 640 3832; x_wconf 87' lang='lat' dir='ltr'><strong>nobis</strong></span> <span class='ocrx_word' id='word_1_158' title='bbox 669 3782 745 3833; x_wconf 88' lang='lat' dir='ltr'><strong>vero</strong></span> <span class='ocrx_word' id='word_1_159' title='bbox 772 3765 856 3833; x_wconf 84' lang='lat' dir='ltr'><strong>haud</strong></span> <span class='ocrx_word' id='word_1_160' title='bbox 877 3765 970 3857; x_wconf 82' lang='lat' dir='ltr'><strong>facile</strong></span> <span class='ocrx_word' id='word_1_161' title='bbox 987 3770 1073 3837; x_wconf 84' lang='lat' dir='ltr'><strong>vide·</strong></span> 
     </span>
     <span class='ocr_line' id='line_1_27' title="bbox 1019 3899 1071 3950; baseline 0 0"><span class='ocrx_word' id='word_1_162' title='bbox 1019 3899 1071 3950; x_wconf 88' lang='lat' dir='ltr'><strong>tur</strong></span> 
     </span>
    </p>
   </div>
   <div class='ocr_carea' id='block_1_6' title="bbox 145 4011 552 4095">
    <p class='ocr_par' dir='ltr' id='par_1_6' title="bbox 145 4011 552 4095">
     <span class='ocr_line' id='line_1_28' title="bbox 145 4011 552 4095; baseline 0.012 -26"><span class='ocrx_word' id='word_1_163' title='bbox 145 4087 150 4095; x_wconf 59' lang='lat'>„</span> <span class='ocrx_word' id='word_1_164' title='bbox 177 4011 224 4087; x_wconf 83' lang='grc' dir='ltr'><strong>(ι)</strong></span> <span class='ocrx_word' id='word_1_165' title='bbox 238 4014 334 4073; x_wconf 63' lang='lat' dir='ltr'><strong>maa</strong></span> <span class='ocrx_word' id='word_1_166' title='bbox 351 4012 407 4069; x_wconf 80' lang='lat' dir='ltr'><strong>Od·</strong></span> <span class='ocrx_word' id='word_1_167' title='bbox 426 4014 455 4070; x_wconf 81' lang='lat'><strong>1.</strong></span> <span class='ocrx_word' id='word_1_168' title='bbox 469 4014 495 4070; x_wconf 70' lang='grc' dir='ltr'><strong>ὅ.</strong></span> <span class='ocrx_word' id='word_1_169' title='bbox 507 4016 552 4091; x_wconf 77' lang='lat'><strong>⁵⁷·</strong></span> 
     </span>
    </p>
   </div>
   <div class='ocr_carea' id='block_1_7' title="bbox 0 0 1452 5168">
    <p class='ocr_par' dir='ltr' id='par_1_7' title="bbox 0 0 1452 5168">
     <span class='ocr_line' id='line_1_29' title="bbox 0 0 1452 5168; baseline 0 0"><span class='ocrx_word' id='word_1_170' title='bbox 0 0 1452 5168; x_wconf 95' lang='lat' dir='ltr'><strong> </strong></span> 
     </span>
    </p>
   </div>
  </div>
 </body>
</html>
