2896 5168
751 494 922 561 ..„.-.

378 659 509 736 deinde,
543 658 617 739 qui,
652 658 677 722 si
705 660 752 722 vel
775 658 905 723 maxime
927 659 966 723 de
995 656 1044 721 bis
1065 658 1183 741 aliquid
1212 658 1313 741 sciat,

379 775 558 857 prohibitus
587 775 629 840 sit
657 794 674 839 a
700 774 768 840 viro
796 792 860 840 non
885 777 1113 841 contemnendo
1144 777 1314 861 quidquam

379 892 480 956 dicere
508 909 639 970 eorum,
663 911 743 972 quae
763 890 999 959 existimaverit.
1063 893 1125 959 Sed
1154 908 1185 958 te
1213 892 1313 977 magis

378 1024 511 1087 aequum
535 1023 582 1071 est
603 1005 725 1072 dicere:
769 1021 805 1071 tu
824 1007 905 1072 enim
927 1007 1007 1073 scire
1027 1008 1184 1092 profiteris
1206 1030 1315 1094 posse·

381 1141 442 1203 que
461 1123 584 1188 dicere:
628 1140 699 1204 gere
728 1123 823 1206 igitur
852 1140 888 1188 tu
919 1122 995 1190 mihi
1027 1144 1144 1193 morem
1169 1146 1227 1194 nec
1259 1130 1316 1194 do·

385 1259 453 1306 cere
484 1259 608 1305 recuses
637 1240 832 1306 Glauconem
868 1242 988 1307 huncce
1025 1258 1057 1308 et
1093 1260 1229 1310 caeteros
1260 1244 1316 1328 qui

383 1362 507 1425 adsunt.
521 1356 563 1424 (ι)
606 1359 731 1444 Quibus
756 1356 906 1424 dictis'et
927 1359 1051 1425 Glauco
1074 1375 1106 1425 et
1131 1364 1243 1424 caeteri
1265 1378 1320 1425 ex·

384 1477 491 1558 citati,
545 1476 681 1559 flagitant
711 1448 997 1558 Thrasymachum}
1049 1494 1088 1542 ne
1115 1474 1203 1541 aliter
1231 1490 1314 1559 agat.

387 1596 640 1679 Thrasymachus
667 1608 769 1658 autem
797 1611 970 1675 perquam,
992 1609 1027 1658 ιιι
1045 1593 1193 1676 patebat,
1215 1591 1317 1656 dicere

386 1713 516 1794 avebat,
539 1726 575 1777 ut
593 1725 762 1777 ostentaret
784 1710 979 1792 doctrinam,
1003 1725 1088 1776 ratus
1109 1710 1228 1777 scilicet
1248 1707 1322 1792 pul·

387 1831 551 1895 cerrimum
584 1847 671 1906 esse,
695 1829 782 1909 quod
806 1844 888 1890 esset
916 1846 1146 1910 responsurus;
1178 1828 1321 1894 simulate

387 1961 488 2010 aurern
517 1964 535 2007 a
562 1943 691 2007 Socrate
716 1940 946 2019 contendebat,
981 1958 1016 2005 ut
1054 1944 1123 2025 ipse
1153 1944 1323 2025 responde-

390 2075 456 2124 ret:
490 2060 610 2123 tandem
642 2075 716 2121 vero
738 2056 907 2121 concessit.
947 2060 1058 2125 “Amos
1079 2062 1134 2137 bi,
1156 2056 1218 2140 ait,
1240 2061 1321 2144 φημὶ

395 2180 457 2259 γὰρ
478 2180 537 2256 ἐγὼ
560 2171 633 2242 citur
654 2178 688 2243 ri
710 2174 819 2241 δίκαιον
840 2177 892 2240 οὐκ
913 2173 993 2242 ἄλλό
1013 2200 1042 2242 τι
1064 2177 1081 2254 ἢ
1101 2179 1136 2244 ri
1156 2181 1208 2245 roi
1230 2177 1326 2259 κρείτ·

392 2318 471 2367 roooo
493 2293 656 2373 ξυμφέρον·
701 2275 890 2373 Aodicrgor
911 2304 1016 2354 statuo
1031 2289 1188 2375 equidem,
1201 2291 1325 2376 justum

394 2409 478 2473 nihil
508 2405 602 2470 aliud
635 2425 695 2470 csse
725 2406 785 2470 nisi
814 2402 897 2490 quod
928 2407 1082 2490 superiori
1109 2409 1151 2471 sit
1181 2407 1258 2472 otilo
1268 2403 1324 2475 (³).

394 2527 497 2609 Quam
518 2520 700 2586 sententiam
723 2535 759 2585 ut
780 2520 887 2602 paucis
908 2519 1012 2586 verbis
1037 2522 1157 2604 emisit,
1178 2523 1221 2589 ita
1240 2523 1327 2589 dein·

396 2659 470 2723 ceps
492 2638 637 2722 pluribus
656 2638 810 2717 declarat,
838 2637 922 2703 hunc
951 2637 984 2701 in
1011 2639 1137 2704 modum
1171 2638 1329 2706 Socratem
1393 2708 1398 2718 ,

399 2755 605 2836 interrogans.
669 2753 858 2835 Ignorasne,
890 2752 1011 2837 inquit,
1044 2754 1185 2822 civitates
1211 2758 1285 2822 alias
1312 2777 1330 2822 a

400 2871 563 2956 tyrannis,
600 2870 673 2934 alias
712 2888 729 2933 a
766 2872 909 2953 populo,
943 2870 982 2936 ab
1018 2870 1223 2952 optimatibus
1256 2872 1330 2939 item

399 2989 475 3054 alias
498 2988 588 3068 regii
609 3025 652 3039 -
672 2985 759 3051 Novi
782 2987 937 3069 equidem.
960 3023 1005 3038 -
1025 2988 1141 3054 Nonne
1156 2989 1188 3054 in
1208 3008 1333 3073 quaque

403 3105 529 3170 civitate
544 3105 576 3168 id
595 3103 740 3185 princeps
760 3116 831 3182 est,
854 3105 941 3186 quod
960 3122 1023 3168 eant
1046 3104 1149 3188 regit?
1170 3142 1216 3160 -
1235 3106 1337 3194 Quid·

404 3221 464 3288 nii
486 3257 530 3272 -
572 3219 645 3284 Fert
673 3233 774 3284 autem
805 3222 888 3302 leges
913 3220 1105 3303 principatus
1134 3222 1270 3304 quisque
1297 3223 1335 3287 ad

407 3359 494 3404 suam
517 3355 639 3417 semper
659 3334 841 3400 utilitatem:
877 3337 930 3400 ubi
959 3354 1054 3419 penes
1085 3343 1237 3421 populum
1264 3354 1336 3431 est,

409 3457 576 3539 populares
602 3451 680 3531 fert,
727 3452 780 3515 ubi
805 3470 899 3533 penes
922 3468 1107 3538 tyrannum,
1142 3457 1335 3539 tyrannicaS,
1383 3520 1390 3535 ,

372 3591 381 3607 “
409 3591 438 3637 et
465 3575 511 3638 sic
537 3567 744 3634 incaeteris:
790 3567 924 3648 probant
944 3568 988 3634 sic
1006 3584 1106 3636 autern
1125 3574 1337 3655 principatus,

410 3689 442 3754 id
461 3691 580 3772 justum
602 3685 641 3749 iis
666 3703 735 3749 esse
754 3682 809 3763 qui
832 3701 1003 3765 reguntur,
1026 3687 1112 3769 quod
1130 3687 1191 3752 sibi
1214 3690 1254 3753 sit
1278 3690 1339 3755 uti·

411 3808 460 3871 le:
507 3803 653 3885 quocirca
675 3799 730 3883 qui
759 3798 890 3882 migrant
920 3801 1020 3882 illud,
1051 3805 1109 3867 bos
1135 3805 1244 3885 poenis
1276 3806 1341 3872 affi-

768 3911 770 3914 ’
1298 3923 1342 3986 ci·

448 4051 488 4121 q.)
511 4047 553 4101 ιι.
572 4045 619 4114 3³7
633 4043 666 4097 n.
684 4067 714 4081 -
732 4043 781 4095 aaa
797 4046 828 4097 ι.
947 4047 985 4112 (ι)
1009 4041 1051 4094 ru.
