2896 5168
756 484 949 545 -180·-

380 661 522 723 oratoria
543 661 588 725 sis
613 657 734 724 dicendi
760 656 993 740 odot'ebosor,
1016 637 1208 747 explicatrix
1225 637 1311 727 'ora-

382 774 473 838 tionis
500 790 670 862 perpetuae
703 772 746 838 ad
769 773 1019 862 persuadendum
1047 768 1305 842 accommodatae.

385 888 582 955 Haeserunt
600 890 664 956 illis
681 893 790 977 prima
810 913 832 956 a
851 889 981 957 Platone
1003 889 1126 956 tradita
1144 891 1202 954 (1).
1248 870 1314 955 Sed

383 1003 416 1070 in
445 1003 494 1068 his
516 1003 624 1084 primis
644 1003 701 1069 slis
734 1004 825 1070 etiam
853 1004 966 1071 Cicero
993 1006 1149 1089 longeque
1171 1004 1310 1086 graviora

383 1126 554 1199 memorat,
595 1120 692 1185 veluti
725 1123 908 1204 praeclaram
950 1120 1156 1186 sententiam:
1202 1141 1312 1205 qoam·

386 1254 480 1320 qaam
497 1241 638 1302 oriretur
666 1259 688 1302 a
713 1237 845 1302 sensibus
867 1235 935 1311 (α),
958 1248 1062 1296 tamen
1083 1256 1143 1299 non
1174 1257 1234 1300 esse
1254 1237 1314 1321 jai

383 1347 498 1416 dicium
525 1355 671 1419 tentatis
697 1355 733 1412 in
759 1347 917 1440 sensibus:
965 1360 1127 1409 mentem
1171 1350 1313 1416 solebant

386 1472 526 1531 rerum
555 1485 616 1526 esse
633 1461 829 1544 jadicem:
855 1461 950 1526 solam
982 1460 1128 1525 cencbant
1156 1461 1312 1544 idoneam,

384 1584 437 1646 cai
455 1576 661 1658 crederetur,
682 1581 759 1662 qaia
777 1578 842 1642 sola
860 1590 1001 1643 cerneret
1019 1576 1077 1655 id,
1098 1576 1181 1661 quad
1195 1597 1312 1666 semper

356 1709 459 1762 esset
489 1694 535 1756 (s)
567 1696 696 1781 simplex
723 1708 753 1759 et
782 1692 955 1759 uniusmodi
987 1708 1023 1758 et·
1039 1694 1244 1791 tale‚nqaale
1270 1716 1315 1762 es·

388 1825 452 1875 sat:
464 1811 544 1875 banc
553 1812 603 1875 illi
616 1809 748 1876 ideam
766 1812 964 1898 appellabant
975 1858 986 1892 ,
987 1813 1060 1894 jam
1085 1834 1106 1876 a
1126 1812 1315 1879 Platoncita

387 1930 612 1993 nominatam
649 1932 701 1991 nos
733 1941 815 1991 recte
842 1933 1012 2013 speciem
1049 1947 1206 2015 possamus
1236 1928 1317 1994 dicess

386 2051 433 2096 re.
467 2065 513 2084 -
534 2032 644 2098 Sensus
667 2046 772 2096 antem
801 2053 899 2097 omnes
925 2033 1041 2100 hebetes
1068 2048 1098 2099 et
1128 2034 1236 2101 tardos
1255 2057 1315 2102 csse

389 2148 662 2228 arbitrabantur,
702 2170 755 2213 nec
769 2154 930 2236 percipere
960 2151 1023 2215 isllo
1054 2149 1139 2217 modo
1170 2171 1315 2231 reseas,

389 2287 470 2353 qnae
507 2266 659 2342 subjectae
696 2265 829 2332 sensibus
864 2265 1075 2332 riderentur:
1105 2288 1185 2353 qaae
1222 2283 1317 2333 essent

389 2400 447 2450 atet
463 2387 513 2450 ita
538 2401 682 2471 parvae,
705 2398 740 2449 at
759 2383 814 2449 snb
834 2403 953 2452 sensam
970 2382 1082 2449 eadere
1103 2405 1163 2448 non
1175 2395 1317 2471 possent,

389 2517 447 2567 aut
474 2504 524 2566 ita
547 2500 670 2565 mobiles
698 2514 728 2564 et
764 2502 958 2578 concitatae,
993 2513 1029 2564 at
1063 2503 1146 2565 nihil
1171 2504 1318 2587 amquam

391 2637 488 2682 unam
524 2632 598 2682 essct
638 2617 684 2681 (s)
702 2630 866 2696 constans;
897 2635 935 2678 ne
962 2613 1041 2679 idem
1066 2614 1208 2699 qnidam,
1242 2623 1320 2701 qnia

390 2734 584 2796 continenter
612 2730 795 2795 laberentur
821 2743 852 2794 et
878 2729 1014 2812 sinerent
1045 2734 1158 2799 omnia.
1209 2731 1322 2817 Itaque

393 2849 474 2912 banc
498 2865 613 2910 omnem
643 2859 765 2930 partem
799 2865 905 2909 rerum
941 2846 1190 2933 opinabilem
1217 2849 1322 2935 appel·

389 2963 526 3046 labant;
564 2963 787 3027 scientiam
825 2977 963 3027 autem
994 2983 1196 3047 nusquam
1233 2984 1323 3030 esse

396 3079 655 3163 censebant,
673 3079 760 3142 nisi
780 3080 821 3141 in
842 3082 973 3144 artioni
992 3082 1236 3148 notionibus
1258 3086 1326 3164 Lat·

398 3221 469 3287 qne
497 3194 751 3264 rationibus
781 3195 838 3264 (⁵).
891 3195 981 3261 Haec
1004 3197 1117 3262 Cicero
1151 3197 1191 3262 de
1223 3200 1324 3282 ipsius
1413 3231 1442 3247 =·

1257 3315 1326 3381 Pla·

391 3484 403 3493 ..
433 3449 475 3517 (ι)
493 3447 552 3499 Cic.
568 3443 658 3496 Aeac.
678 3446 796 3512 Quaest.
815 3445 838 3497 1.
857 3446 883 3502 8.
954 3444 994 3512 (α)
1015 3443 1074 3497 Nec
1092 3447 1230 3512 judicium
1241 3446 1328 3498 insel-
1431 3456 1435 3465 ·

398 3545 554 3615 ligandum,
574 3552 605 3594 us
615 3541 767 3606 Lambino,
785 3559 835 3594 noc
851 3542 1009 3596 meritasse!
1025 3545 1158 3597 indicium
1176 3549 1327 3612 veritatis,

397 3649 429 3697 ul
447 3640 562 3692 Ernesto
577 3640 694 3711 placuit,
714 3639 761 3689 sed
784 3640 872 3709 ipsum
893 3657 907 3690 ο
929 3640 1060 3706 proximis
1080 3644 1222 3708 judicium
1254 3646 1327 3696 veri-

403 3740 486 3795 tatiss
561 3737 601 3805 (3)
622 3735 795 3787 lacesendum
819 3743 886 3807 pulo
914 3747 963 3799 et,
992 3745 1022 3788 ut
1044 3722 1105 3792 'sim
1135 3738 1232 3791 habeat
1253 3758 1329 3792 sem·

399 3857 471 3908 por,
493 3835 568 3905 quod
582 3837 638 3887 sere
658 3836 686 3886 iss
706 3833 748 3886 liis
767 3833 843 3886 addis
869 3835 966 3888 Plato:
985 3838 1061 3908 quad
1080 3837 1277 3910 comperisset
1301 3848 1330 3889 et

360 3970 363 3976 -
398 3938 530 4006 simplex.
558 3936 598 4005 (4)
629 3934 665 3986 Et
690 3934 736 3986 hic
761 3934 932 3988 inserendum
955 3945 983 3988 et
1010 3942 1096 4002 puto:
1123 3940 1227 3990 unu'ns
1262 3941 1335 3992 ess'et

402 4048 431 4094 et
457 4046 648 4102 constans,
673 4054 708 4090 ne
732 4035 819 4088 idem
848 4037 967 4114 quidem.
1002 4033 1147 4106 &stands
1173 4035 1248 4104 Q.1.
1266 4038 1293 4090 8.
