2896 5168
508 1380 655 1442 vm
700 1380 905 1442 annin.

292 1706 398 1806 Ficta
421 1735 547 1802 civitate
570 1735 711 1818 optimi,
737 1751 909 1816 exactoque
935 1736 1048 1800 adeam
1068 1737 1172 1800 animo

250 1852 404 1934 hominis,
426 1853 529 1936 patuit
546 1853 608 1937 jam
625 1850 741 1931 nobis,
765 1854 857 1934 longe
872 1849 1088 1935 perfectiorem
1104 1873 1173 1919 esse

247 1969 366 2054 justum
388 1968 564 2047 hominem,
588 1986 679 2050 quam
701 1966 874 2054 injustum,
897 1968 1074 2048 imovero,
1097 1986 1173 2033 sano

251 2085 337 2150 illum
365 2086 572 2167 integroque,
608 2087 689 2149 hunc
722 2098 823 2148 autem
852 2099 980 2178 aegroto
1011 2099 1177 2167 corrupto·

252 2222 314 2283 que
329 2202 518 2267 simillimum
535 2219 620 2266 esser
644 2218 701 2266 uec
722 2219 796 2265 vero
810 2200 956 2265 affirmare
975 2200 1175 2281 dubitamus,

252 2320 330 2403 justi
359 2318 567 2383 conditionem
594 2319 687 2399 longe
710 2335 801 2395 esse,
834 2337 924 2398 quam
947 2316 1082 2399 injusti,
1109 2318 1179 2382 bea·

258 2432 378 2498 tiorem.
424 2433 485 2498 Sed
503 2434 564 2498 huc
587 2452 655 2498 cerm
679 2434 933 2514 pervenerimus,
962 2434 1179 2514 aitSocrates,

257 2549 350 2614 ecce!
388 2550 420 2613 in
460 2551 616 2630 speculam
648 2551 744 2612 veluti
773 2551 933 2630 quamdam
964 2549 1180 2629 escendimus,

260 2667 342 2732 unde
374 2682 439 2730 nott
460 2681 577 2730 tantum
599 2664 746 2745 optimam
770 2664 851 2728 illam
872 2663 1090 2746 rempublicam
1107 2682 1182 2729 con·

259 2783 401 2865 spicere,
436 2782 490 2845 sed
523 2779 650 2860 adsequi
683 2781 771 2843 etiam
804 2780 899 2857 licet,
923 2779 1181 2860 quemadmodum

258 2911 494 2977 corrumpantur
517 2895 657 2961 ciuitates
684 2911 777 2977 atque
805 2899 843 2962 ad
869 2897 1032 2979 pessimam
1051 2895 1185 2962 conditi·

261 3029 352 3077 onem
371 3012 561 3076 delabantur.
606 3013 673 3095 Age
691 3011 803 3092 igitur,
827 3013 953 3093 inquit,
975 3013 1036 3077 huc
1053 3013 1184 3093 accede,

208 3195 214 3205 ,
262 3149 282 3191 o
301 3128 444 3207 Glauce,
474 3142 510 3193 ut
532 3129 658 3210 videas,
689 3143 768 3209 quot
792 3128 901 3194 habeat
922 3129 1041 3213 species
1060 3129 1184 3195 vitium.

262 3244 326 3309 Cui
343 3243 486 3325 Glauco,
510 3264 568 3328 ego
586 3263 682 3325 vero,
706 3244 828 3326 inquit,
852 3265 979 3328 sequor.
1003 3246 1062 3313 Dic
1079 3242 1207 3312 mod0.'

264 3360 347 3424 Turn
361 3358 522 3443 Socrates,
541 3378 614 3428 sane
625 3380 694 3427 eum
706 3361 768 3428 huc
779 3363 1027 3443 escenderimus,
1044 3381 1103 3427 una
1114 3362 1190 3427 mihi

265 3496 332 3541 esse
352 3477 473 3542 videtur
491 3479 616 3545 virtutis
636 3479 783 3562 species,
817 3481 977 3563 pravitatis
1001 3499 1074 3546 vero
1097 3480 1188 3545 innar-

267 3611 390 3677 merae3
413 3609 613 3662 veruntamen
634 3612 768 3681 quatuor
789 3612 863 3662 suot
882 3597 1035 3675 maxime,
1059 3614 1189 3676 quarum

268 3711 384 3778 mentio
410 3709 548 3777 facienda
577 3716 631 3782 sit.
663 3751 707 3765 -
748 3715 916 3801 Quomodo
948 3713 1033 3778 istud
1052 3712 1124 3778 alsi
1146 3746 1193 3765 -

272 3845 349 3911 quot
369 3846 443 3895 suat
463 3830 779 3912 rerumpublicarum,
802 3846 849 3895 tot
871 3848 941 3895 esse
960 3830 1052 3896 animi
1072 3829 1194 3912 species

269 3946 427 4016 videntur.
450 3985 494 4002 -
512 3947 628 4033 Quot?
649 3984 693 3999 -
714 3947 854 4031 quinque
875 3949 1194 4034 rerumpublicarum,

1105 4081 1197 4146 qmrr·
