2896 5168
637 461 682 480 ·-·
698 443 764 493 ’Μ
783 460 827 483 ⁸-

268 600 336 669 sive
365 603 442 668 bens
469 603 589 669 dicendi
612 620 706 671 artem
740 621 1011 691 speeu13verum
1039 627 1139 681 exsut
1159 615 1193 683 iu

256 738 305 784 eo
327 722 417 787 locus
435 719 487 786 iile
508 721 546 787 de
563 721 686 806 justitii
705 724 933 806 gravusimus,
954 746 1019 812 quo
1035 731 1192 816 iustorum

268 837 518 922 injustorumque
556 853 629 919 post
660 854 790 907 mortem
824 841 974 925 iudicium
1015 846 1191 932 descripsit.

268 955 448 1020 Accessisse
469 970 569 1021 autem
594 954 635 1020 ita
654 971 769 1038 sponse
788 961 845 1023 sud
867 959 905 1024 ad
925 959 1094 1044 Politiam,
1124 966 1193 1048 vei,

265 1085 301 1134 ut
330 1071 457 1152 proprie
487 1070 704 1138 inscribendus
733 1071 874 1156 dialogus
905 1090 988 1157 erat,
1028 1078 1067 1146 ad
1092 1078 1194 1147 dialo-

260 1213 336 1277 gum
357 1193 489 1274 περὶτοῦ
508 1191 620 1259 δικιιίοο
640 1187 897 1256 conscribendum
921 1193 1057 1259 videtur.
1100 1197 1194 1281 Adje-

264 1309 306 1375 cit
334 1306 384 1373 his
410 1308 532 1372 tandem
559 1303 650 1371 senili
680 1320 778 1371 aetate
797 1324 901 1388 opus,
936 1307 1097 1389 politicum
1125 1317 1194 1396 pla.

263 1442 327 1503 ne,
357 1423 395 1489 de
422 1422 557 1508 Legibus
564 1448 578 1507 ;
621 1422 676 1486 sed
712 1421 806 1487 uobis
837 1423 970 1505 primum
1002 1427 1041 1493 d'e
1072 1427 1190 1493 Politia

262 1545 438 1630 agendum,
470 1542 561 1624 cuius
590 1559 672 1623 quae
700 1541 742 1607 sit
760 1541 875 1620 ustio,
909 1543 995 1624 quod
1023 1541 1189 1627 instituis

262 1662 483 1750 propositum,
515 1662 550 1727 iu
569 1677 680 1742 magno
710 1658 900 1727 eruditorum
927 1660 1092 1741 dissensu,
1114 1677 1190 1744 ops·

236 1794 312 1848 ‘rue
332 1779 464 1863 pretium
487 1796 534 1844 est
555 1776 728 1857 exquirere.
783 1842 786 1849 ,

474 2009 532 2075 De
565 2008 732 2071 Politia
763 2008 971 2073 Platonis.

301 2243 395 2307 Ratio
416 2238 529 2320 dialogi
548 2256 566 2302 e
586 2236 796 2316 disputatione
821 2240 927 2303 nostri
957 2240 1184 2318 quodammodo

259 2359 455 2442 intelligitur.
521 2355 572 2419 Ad
596 2352 837 2432 investigandam
862 2354 1014 2437 iustitiam
1042 2357 1186 2440 philoso-

258 2484 341 2567 phus
368 2476 400 2540 in
428 2493 465 2538 eo
491 2470 639 2552 optimam
668 2468 784 2537 effinxit
807 2469 975 2536 civitatem.
1020 2472 1081 2538 Sed
1104 2475 1185 2541 scci-

254 2599 305 2677 dit
332 2596 398 2671 ita,
432 2606 466 2656 ut
484 2590 535 2654 aiii
560 2587 733 2672 justitiam,
754 2587 806 2652 alii
831 2586 1183 2674 rempublicamdiaiogi

256 2732 327 2783 esse
354 2722 569 2795 argumentum
589 2719 756 2788 putarent.
818 2702 986 2787 Muretus,
1020 2704 1183 2785 quiunus

76 2795 88 2871 .'
160 2819 164 2828 '
255 2833 288 2898 in
319 2828 426 2913 paucis
458 2823 578 2906 optime
604 2838 634 2887 et
667 2821 740 2904 legit
768 2821 905 2888 Platonis
928 2821 1041 2886 librum
1074 2835 1106 2888 et
1134 2823 1182 2888 in·

255 2960 440 3031 terpretatus
468 2959 537 3021 est,
559 2940 604 3006 sic
632 2940 671 3027 de
700 2957 739 3003 eo
769 2955 885 3008 monet.
957 2982 978 3017 „
1000 2937 1083 3005 Mihi
1103 2939 1180 3006 utri·

256 3078 427 3149 querecte
455 3059 557 3124 dicere
584 3056 738 3121 videntur.
806 3053 886 3119 Nun
918 3060 1025 3132 exonie
1045 3072 1114 3137 est,
1149 3073 1180 3124 et

254 3182 319 3264 rupi
340 3177 543 3252 δικαιοσύνης,
576 3185 608 3237 et
629 3175 694 3254 mg}
715 3173 881 3246 πολιτείοις.
945 3171 1020 3236 Non
1049 3189 1083 3239 ut
1113 3175 1179 3244 sint

252 3298 318 3364 duo
347 3294 471 3372 οκοτοὶ,
502 3287 556 3354 sed
584 3303 619 3352 ut
646 3288 721 3351 haec
749 3287 813 3349 duo
836 3286 915 3353 idem
945 3287 1020 3354 sint.
1094 3291 1176 3359 Nam

253 3410 340 3494 quod
369 3423 416 3475 est
446 3412 476 3475 ἕν
500 3415 563 3491 μιᾷ
594 3413 683 3490 ψυχῇ
713 3405 895 3480 δικαιοσύνη,
934 3404 966 3471 id
992 3403 1024 3476 in
1055 3407 1179 3475 civitate

253 3527 324 3595 talis
346 3526 496 3596 πικιτείιι.
552 3520 634 3584 Νοιιι
661 3535 694 3582 οι
723 3517 754 3581 in
780 3515 891 3600 politii
914 3518 971 3584 tria
998 3537 1108 3603 genera
1128 3542 1176 3588 re·

253 3644 407 3728 spondent
428 3639 528 3704 tribus
550 3635 667 3700 animae
691 3632 852 3716 partibus,
891 3639 926 3706 ολ
946 3643 1113 3721 <guimas
1132 3644 1174 3724 '‘i'’

253 3765 354 3846 λόγῳ,
394 3763 428 3828 τὸ
447 3757 646 3836 ἐπικουρικὸν,
684 3757 721 3826 ὠς
742 3759 910 3834 πολεμοῦν,
940 3757 981 3836 τῷ
1002 3732 1102 3836 θυμῷ,
1140 3758 1174 3822 τὸ

251 3883 364 3957 θητικὸν
385 3879 425 3957 τῷ
445 3873 654 3952 ἐπιθυμητικῷ.
676 3902 721 3937 ·-,-
763 3867 849 3952 Ergo
878 3881 908 3930 et
938 3865 1069 3950 quilibet
1098 3884 1173 3932 nos·

147 4057 154 4072 ,
211 4084 214 4093 q
250 4013 332 4059 trum
362 3988 442 4056 vivit
462 3995 618 4062 τολιτικῶς
642 3987 869 4070 {euomuisse
898 3994 928 4047 et
949 3982 1034 4057 πόλις
1056 3985 1173 4061 δικαίοις

1090 4127 1170 4185 rex·
