2896 5168
618 498 664 527 ··-
687 488 745 557 rsa
766 484 816 525 -·

252 656 368 736 cuique
392 671 499 724 verum
528 673 621 736 esse,
644 656 733 739 quod
761 653 910 722 sensibus
935 670 1084 742 apparet,
1114 676 1179 726 non

252 773 470 856 comprobavit
498 773 601 851 illud,
632 771 753 837 fateor:
778 773 842 838 imo
871 774 942 840 dati
974 778 1070 859 operi
1098 774 1182 843 refu·

250 891 342 960 ravit.
396 890 499 973 Cujus
528 885 726 952 refutationis
757 907 829 953 curn
850 889 907 955 alia
933 891 1070 975 prodidit
1090 900 1190 976 argu-¹

250 1020 377 1084 menta,
411 1017 476 1067 tum
505 1004 625 1067 hocce:
660 1021 731 1068 vera
762 1022 834 1071 csse
864 1008 1046 1074 hominibus
1078 1008 1183 1075 futura

249 1121 365 1202 ctiam,
395 1137 474 1201 quae
497 1138 562 1185 non
589 1134 740 1202 apparent
765 1121 933 1205 sensibus3
968 1143 1048 1205 quae
1079 1114 1187 1192 autem‘

250 1238 282 1303 in
305 1234 436 1302 somniis
461 1250 610 1320 apparent
626 1255 660 1302 v.
686 1255 716 1304 c.
747 1236 890 1304 homines
928 1243 1072 1306 volantes
1085 1240 1183 1321 ,haec

250 1370 314 1418 non
339 1354 378 1418 iis
400 1371 473 1418 vcra
500 1370 571 1418 csse
592 1352 650 1416 (ι).
698 1353 742 1423 Αι
771 1371 847 1418 vero
880 1354 934 1437 id,
967 1376 1031 1438 quo
1060 1374 1182 1441 spectat

249 1470 397 1553 placitum
427 1468 580 1553 proprie,
601 1467 747 1534 sensibus
771 1487 836 1535 non
868 1488 937 1537 esse
955 1470 1045 1537 fidem
1068 1472 1188 1538 huben·-

250 1589 346 1666 tlant,
368 1588 396 1651 si
419 1587 544 1668 quidem
565 1586 652 1666 quod
680 1604 789 1651 verum
816 1606 952 1669 perse,
974 1589 1001 1653 si
1021 1590 1189 1656 scientiam

252 1702 455 1782 quaerimus,
487 1702 519 1768 id
550 1701 654 1784 ipsum
684 1703 878 1768 Platonicum
904 1679 985 1785 cst,
1011 1722 1047 1771 ut
1071 1727 1090 1773 e
1118 1720 1186 1774 tota

170 1861 174 1870 ·
255 1818 393 1884 Socratis
421 1819 598 1884 incarcere
626 1819 932 1901 disputationem),
961 1834 1027 1884 tum
1057 1822 1182 1889 hercle!

251 1951 289 1996 cr
323 1935 391 2016 ipsa
431 1935 598 2017 speluncae
618 1952 690 1999 cum
722 1933 839 2000 mundo
868 1933 1068 2018 adspectabili
1098 1952 1191 2001 com·

253 2050 413 2131 paratione
439 2050 637 2135 intelligitur.

293 2167 407 2232 Partim
434 2167 530 2250 igitur
558 2150 870 2234 consentiebat'cum
892 2168 1044 2251 sophistis
1062 2168 1133 2237 istis
1154 2182 1194 2238 et

253 2281 455 2366 philosophis
484 2282 586 2348 Plato.
630 2281 809 2366 Quocirca,
832 2284 860 2348 si
886 2282 1030 2349 confecti
1058 2304 1189 2370 compa··

256 2388 384 2461 satione'
399 2395 596 2480 rejecerimus
625 2394 710 2461 forte
739 2397 807 2480 ejus
837 2396 876 2463 de
900 2397 1031 2464 scicntia
1057 2414 1192 2466 senten-¹

254 2517 350 2595 tiam,
373 2532 438 2579 non
463 2526 528 2579 tota
551 2514 626 2581 haec
656 2511 751 2578 nobis
777 2512 980 2597 improbanda
1003 2512 1075 2580 erit.
1103 2514 1186 2582 Aca·

252 2630 363 2697 dentici
383 2630 564 2698 recentioris
586 2629 693 2697 aetatis
723 2631 803 2696 hanc
825 2643 943 2714 partem
967 2631 1192 2715 philosophiae

254 2749 430 2816 Platonicae
466 2749 712 2831 comprobarunt
744 2747 896 2814 maximae
928 2747 976 2847 sic
1004 2750 1081 2815 adeo
1117 2767 1192 2817 eam

255 2881 491 2951 exposuerunt,
523 2880 559 2931 ut
582 2866 765 2944 Platonem,
794 2865 858 2931 into
888 2866 993 2948 ipsunt
1021 2867 1098 2934 adeo
1126 2868 1192 2935 So‹

255 3000 369 3047 cratem
396 2980 551 3060 sophistis
575 2979 637 3042 illis
667 2981 856 3045 simillimum
900 2981 1049 3049 facerent.
1082 2987 1193 3070 Cujus

257 3096 301 3160 rei
326 3107 436 3158 auctor
462 3090 578 3157 Ciccro
599 3104 671 3168 est,
695 3092 749 3170 qui
780 3093 849 3173 ipse
868 3093 970 3158 dictus
999 3097 1194 3180 habitusque

257 3210 462 3278 Academicus
479 3207 555 3274 fuit.
596 3207 758 3275 Arcesilas
772 3211 911 3296 primun
934 3230 972 3274 ea
988 3213 1089 3277 uariis
1109 3213 1191 3280 Pla·

256 3335 336 3395 runis
348 3328 437 3394 libris
449 3324 696 3412 sermonibusque
714 3325 884 3393 Socraticis
902 3328 956 3392 hoe
975 3331 1112 3396 nranime
1132 3350 1190 3396 un·

259 3450 359 3534 ripuit
371 3445 479 3525 ,niun
494 3446 643 3509 essecerti
653 3490 665 3524 ,
677 3442 761 3530 quud
775 3458 834 3508 aur
852 3446 986 3512 sensibus
1005 3461 1066 3512 aur
1083 3451 1191 3517 anime

256 3565 379 3654 percipi
391 3563 505 3648 possit:
524 3580 612 3645 quem
618 3563 737 3642 serunt
752 3563 866 3628 eximia
883 3561 1015 3647 quodam
1037 3585 1126 3631 usum
1146 3567 1190 3634 le·

178 3685 183 3692 '
261 3700 336 3771 pore
352 3676 497 3760 dicendi,
518 3693 724 3764 aspernatum
744 3699 805 3743 esse
825 3698 910 3744 omne
921 3681 1021 3749 animi
1030 3688 1192 3770 sensusque

251 3796 438 3886 judicium,
463 3798 663 3885 primumque
695 3797 888 3877 instituisse,
921 3796 1130 3884 (quamquam
1158 3799 1196 3867 ul

1119 3916 1195 4000 suit

297 4055 341 4131 (ι)
364 4053 479 4115 Thesei.
496 4050 556 4123 ηδ.
573 4049 605 4107 Β.
640 4046 681 4123 (a)
700 4047 912 4112 urrunnun&
929 4024 962 4107 tl
980 4049 1088 4122 prusin-
1148 4094 1151 4101 ,
