2896 5168
498 458 745 527 '··tor-

180 651 263 698 mum
293 634 455 717 imperium
483 639 614 718 deceat,
646 637 679 710 ln
705 637 763 706 heo
793 638 871 707 iilud
898 647 1008 709 nostrd
1037 644 1109 710 ade·

174 751 242 819 rut
263 789 306 804 ·-
338 754 382 816 Et
408 752 539 819 maxime
565 753 704 834 quidem.
724 754 925 842 -Quibus
944 758 1042 840 igitur
1065 762 1111 825 ci·

173 865 267 931 vibus
287 869 389 933 inesse
411 871 641 952 temperantiam
663 871 772 953 dices,
804 872 834 938 si
854 875 976 955 quidem
1006 877 1047 941 ita
1073 896 1109 943 se

174 983 328 1064 habeant,
359 986 417 1061 iis,
451 986 506 1069 qui
535 1003 667 1069 regunt,
701 1006 740 1052 an
774 1006 873 1068 vero,
910 991 964 1071 qui
994 976 1108 1072 reg'ut'i·

174 1099 253 1163 tur?
274 1136 319 1151 -
360 1102 531 1184 Utrisque.
554 1139 599 1155 -
641 1104 755 1169 Cernis
781 1103 891 1185 igitur,
923 1125 1014 1187 quam
1035 1121 1108 1185 apte

172 1192 328 1281 vaticinati
358 1221 480 1299 simus,
516 1220 692 1284 harmoniae
721 1219 843 1285 cuidam
873 1239 944 1286 esse
971 1221 1103 1287 similem

172 1334 429 1414 temperantiam?
449 1371 494 1386 -
527 1336 692 1403 Curuam‘i
712 1373 757 1390 ·-
789 1337 871 1422 Quia
889 1356 974 1417 non,
995 1339 1104 1421 prouti

171 1448 321 1530 sapientia
347 1464 378 1515 et
404 1448 580 1531 fortitudo,
613 1471 693 1534 quae
722 1452 865 1534 partibus
891 1453 999 1519 insunt
1028 1457 1104 1520 civi·

170 1567 242 1630 tatis
261 1581 355 1647 atque
376 1567 420 1632 ita
444 1586 508 1631 eam
530 1586 600 1632 cum
621 1567 791 1650 sapientem
819 1583 885 1634 tutu
907 1568 1019 1633 fortem
1041 1569 1104 1634 effi·

168 1680 278 1758 oiunt,
306 1681 437 1746 nonita
461 1682 534 1745 haec
562 1699 627 1746 earu
649 1662 868 1764 temperantem
896 1683 1019 1762 reddit,
1046 1685 1104 1748 sed

168 1815 314 1877 peream
345 1812 441 1862 totam
466 1797 670 1878 singulasque
696 1798 763 1880 ejus
786 1814 910 1880 partes,
945 1811 1101 1879 tamquam

10 1890 13 1897 x
55 1901 62 1911 ”
166 1914 322 1995 chordas,
365 1913 500 1992 diffusa,
541 1912 655 1993 efficit,
699 1912 793 1977 utin
830 1913 907 1978 idem
936 1910 1101 1978 debiliores

167 2031 332 2111 homines,
353 2014 563 2110 fortioresque
588 2045 619 2094 et
647 2029 758 2109 medii,
782 2030 967 2112 prudentia,
989 2042 1101 2124 poten·

166 2145 233 2226 tid,
255 2145 480 2226 multitudine,
509 2144 650 2225 pecuniis
681 2144 752 2208 item
784 2157 815 2210 et
842 2144 954 2226 quavis
983 2143 1041 2208 alid
1067 2163 1100 2210 re

164 2245 350 2328 concinant:
411 2260 468 2334 dre
502 2259 637 2345 ὀρθότατ’
665 2263 704 2330 to
734 2244 879 2358 Φτιῒμεν,Ι
903 2263 1018 2338 ταύτην
1043 2264 1097 2339 τὴν

164 2381 314 2462 induerat,
368 2381 626 2463 σωφροσύνην
674 2375 767 2453 εἶναι,
817 2377 946 2460 χείρονός
977 2404 1013 2446 τε
1046 2380 1110 2445 ttoi'

163 2498 312 2578 emtum
331 2497 413 2564 κατὰ
434 2497 525 2578 Φύσιν
546 2495 743 2577 Eumenius.
774 2483 909 2574 aetrno
931 2496 977 2561 δεῖ
991 2492 1097 2577 ἄρχειν

164 2615 215 2683 zet
236 2615 267 2682 n
287 2614 372 2681 rino
396 2612 447 2679 toi
469 2613 500 2678 ἐν
519 2610 559 2677 ἑνὶ
581 2613 691 2692 inosti·
735 2605 934 2692 Quapropter
962 2610 1097 2670 rectissi-

152 2747 211 2792 sne
239 2730 389 2812 possimus
421 2725 502 2788 hunc
539 2736 715 2788 concentum
751 2723 1093 2805 temperantiam

161 2843 340 2929 appellare,
378 2838 543 2904 deterr'oris
575 2852 605 2900 et
640 2837 775 2899 mercoris
804 2832 969 2900 secundum
1001 2850 1095 2900 nato·

162 2978 234 3024 ram
254 2959 491 3034 consensionem,
523 2968 631 3019 utrum
665 2925 800 3035 regnare
829 2964 990 3030 oporteat,
1023 2971 1092 3015 cum

56 3101 59 3110 Δ
161 3076 371 3149 incivitate,
405 3085 471 3135 tum
502 3072 538 3132 t'n
567 3089 626 3132 uno
656 3072 775 3153 quoqne
800 3067 931 3132 homine.
953 3086 1007 3117 -‘
1040 3065 1093 3133 sie

161 3191 234 3255 item
257 3187 331 3253 mihi
354 3186 488 3252 videtur.
506 3183 547 3254 (¹)
789 3175 792 3183 ’
935 3178 937 3182 ’

202 3302 288 3375 Tum
320 3301 481 3382 Socrates,
516 3314 588 3365 esto
620 3297 736 3378 igitur,
779 3295 903 3377 inquit,
944 3295 1002 3362 tria
1027 3298 1088 3380 jam

158 3417 252 3484 nobis
280 3418 312 3481 iu
343 3415 468 3481 civitate
493 3430 651 3496 comperta
680 3426 780 3492 sunt,
808 3426 845 3475 ut
868 3429 906 3476 ex
925 3411 975 3476 his
998 3432 1091 3494 appa.-

158 3550 230 3614 ret;
258 3532 427 3612 reliquum
453 3545 556 3596 eutem
585 3527 745 3610 negotium
771 3525 871 3605 illud,
912 3544 977 3606 quo
1003 3544 1075 3606 prae

159 3666 240 3715 terea
261 3647 388 3713 virtutis
411 3645 566 3727 particeps
595 3648 637 3710 sit
666 3644 798 3722 ciuitas,
825 3642 978 3723 quodnam
1005 3639 1088 3706 criti

90 3785 93 3791 ·
158 3766 331 3851 Justt'tt‘am
364 3781 455 3842 esse,
496 3778 602 3846 patet,
647 3766 678 3825 ni
712 3757 816 3826 fallor.
846 3792 891 3810 -
931 3759 1030 3824 Patet.
1045 3756 1087 3825 iti
1195 3813 1197 3816 Α
1269 3863 1272 3870 Ι

858 3889 860 3895 ’
1027 3875 1089 3943 fle

38 4027 47 4039 ·
119 3985 124 3989 ’
167 4021 755 4095 ·npnea.p.tv.tse‚c.-rs2.a.
802 4016 1052 4090 (nasama.
