2896 5168
655 481 820 543 ..80-

278 677 342 726 eam
374 656 535 744 adjuverit.
593 656 802 724 Existimasne
830 670 931 724 autem
961 670 1018 739 tu,
1050 659 1197 741 quemad&

277 776 402 842 modum
438 775 550 857 vulgus
578 772 762 853 hominum,
794 793 900 839 verum
920 793 1012 855 csse,
1043 776 1128 856 quod
1147 777 1196 842 di·

275 908 368 971 cunt,
390 891 599 956 adolescentes
623 893 771 972 quosdam
793 909 809 954 a
832 891 986 972 sophistis
1013 891 1193 974 corrumpi,

273 1024 473 1091 corruptores
502 1026 577 1073 vero
611 1025 715 1072 eorum
749 1009 905 1089 sophistas
941 1009 1090 1090 quosdam
1126 1027 1194 1074 esse

273 1126 431 1209 privatos,
461 1143 496 1189 ac
524 1141 588 1188 non
621 1141 675 1187 eos
699 1124 829 1206 potius,
859 1125 914 1206 qui
937 1125 979 1191 itt
999 1125 1195 1207 loquuntur,
1217 1213 1221 1223 .

161 1252 165 1260 ·
274 1241 424 1307 maximos
444 1258 514 1304 esse
536 1240 715 1322 sophistas,
737 1240 961 1320 marituamque
986 1260 1054 1306 esse
1082 1259 1196 1307 eorun-

272 1359 348 1423 dem·
371 1356 578 1423 iustitutionis
598 1357 687 1435 vim,
721 1356 839 1438 quippe
859 1358 913 1436 qui
938 1359 1068 1442 juvenes
1088 1376 1122 1423 ac
1143 1375 1194 1422 se·

270 1473 398 1555 nimos,
419 1472 569 1539 foeminas
599 1494 633 1539 ac
655 1473 743 1538 viros
770 1475 845 1537 tales
873 1472 1061 1552 informant,
1083 1476 1192 1557 quales
1243 1498 1246 1503 ·

270 1597 339 1659 es'se
369 1610 424 1657 eos
454 1587 575 1657 velinti
601 1626 647 1641 -
673 1590 806 1674 Quando
837 1589 869 1655 id
899 1587 1124 1673 potissimum?
1148 1627 1193 1645 -

268 1709 403 1796 Quando
436 1707 612 1789 frequentes
646 1707 736 1771 multi
765 1708 815 1771 uel
845 1706 878 1770 in
905 1705 1110 1772 concionibus
1141 1705 1192 1771 vel

264 1825 390 1910 judiciis
420 1827 471 1891 uel
507 1822 635 1888 theatris
667 1825 718 1888 vel
749 1823 858 1889 castris
888 1824 938 1888 vel
965 1821 1028 1888 alio
1055 1821 1191 1903 quodam

267 1940 427 2006 hominum
458 1953 552 2004 coetu
581 1939 803 2018 considentes,
834 1958 962 2016 eorum,
1004 1957 1082 2021 quae
1109 1938 1191 2006 dicta

266 2054 385 2122 factave
408 2070 504 2134 sunt,
527 2055 584 2142 alia
613 2055 812 2137 vituperant,
840 2056 898 2120 alia
924 2056 1071 2139 laudant,
1101 2071 1132 2121 et
1151 2057 1191 2124 ad

264 2188 397 2254 utraque
430 2170 545 2254 ingenti
579 2189 650 2234 cum
684 2171 820 2236 tumultu
854 2170 954 2236 acrius
993 2170 1189 2253 efferuntur,

265 2290 465 2372 explodentes
499 2287 783 2370 applaudentesqtte
807 2306 947 2383 summo
989 2288 1121 2370 strepitu
1157 2301 1191 2355 et

263 2408 417 2486 clamore,
452 2421 487 2469 ut
521 2423 591 2469 saxa
622 2404 818 2470 circumcirca
853 2417 884 2469 et
915 2405 981 2469 loca
1012 2405 1044 2468 in
1072 2403 1188 2486 quibus

262 2524 398 2601 adsunt,
433 2519 607 2588 resonantia
643 2520 740 2603 duplo
771 2521 915 2604 majorem
953 2500 1043 2586 edant
1071 2521 1189 2588 tumui·

262 2653 352 2719 tum,
375 2657 466 2720 quam
495 2637 549 2718 qui
578 2637 702 2703 laudant
723 2656 758 2702 ac
780 2637 968 2718 vituperant.
1012 2639 1074 2704 llic
1098 2640 1190 2723 jure·

260 2775 330 2822 nem
360 2774 424 2837 quo
455 2772 525 2821 esse
554 2754 657 2820 animo
686 2754 869 2820 existimes?
900 2757 950 2819 vel
970 2758 1090 2834 qualem
1112 2754 1185 2821 huic

259 2872 408 2964 publicae*
429 2872 609 2954 disciplinae
639 2872 789 2953 priuatam
816 2871 1008 2953 disciplinam
1031 2871 1185 2938 obsistere

229 2975 234 2989 '
258 3008 373 3071 posse,
403 2989 479 3068 quin
507 2991 559 3054 tali
582 2988 810 3070 vituperatione
831 3006 865 3051 ac
888 2988 1061 3053 laudatione
1088 2988 1184 3054 obtu-

258 3120 312 3182 ta,
333 3105 406 3167 illuc
427 3103 547 3168 labatur
570 3123 635 3183 quo
659 3104 774 3170 fluctus
795 3099 882 3170 fert?
919 3119 955 3169 ut
984 3106 1107 3185 eadem,
1135 3118 1182 3171 at·

256 3238 319 3299 que
338 3218 407 3299 illi,
428 3221 535 3301 pulcra
556 3235 587 3283 et
610 3221 710 3299 turpia
731 3234 877 3298 censeat,
898 3218 1090 3301 iisdemque,
1112 3219 1183 3303 qui·

255 3335 316 3401 bus
347 3334 417 3415 illi,
447 3334 569 3398 studeat
590 3348 622 3397 et
643 3335 711 3398 talis
734 3335 860 3399 omnino
884 3333 960 3402 fiat?
980 3375 1023 3389 -
1043 3338 1183 3402 Necesse

254 3452 287 3516 id
308 3453 435 3516 omnino
462 3467 531 3528 est,
565 3469 585 3514 o
607 3450 764 3517 Socrates.
786 3485 831 3502 -
852 3453 1002 3518 Nondum
1023 3473 1099 3520 vero
1118 3472 1182 3519 ma·

252 3569 364 3632 xlmam
402 3566 535 3632 diximus
570 3566 797 3633 necessitatem.
827 3604 871 3619 -
899 3567 1098 3652 Quamnam?
1131 3601 1179 3622 -

182 3746 185 3751 .
253 3682 354 3767 Quam
376 3681 461 3747 facto
484 3683 682 3766 adjungunt,
705 3702 776 3749 cum
799 3685 901 3749 verbis
922 3687 1107 3768 persuadere
1131 3684 1179 3749 in·

252 3799 414 3863 stitutores
435 3797 486 3862 isti
508 3813 673 3879 nequeant.
718 3802 770 3864 An
792 3819 865 3890 vero
885 3801 1006 3880 nescis,
1029 3800 1128 3882 istos,
1150 3800 1179 3867 si

252 3914 323 3996 quis
346 3914 423 3996 ipsis
445 3932 508 3978 non
533 3913 749 3998 obtemperat,
773 3915 897 3981 iufamia
922 3935 990 3980 eum
1017 3931 1047 3980 et
1065 3918 1178 3984 mulcta

250 4043 282 4093 ct
312 4043 412 4112 morte
437 4026 595 4111 plectere?
617 4064 663 4080 -
683 4029 899 4111 summopere.
921 4030 1085 4115 -Quem
1116 4029 1176 4114 igi·

1123 4160 1176 4212 tut
