2896 5168
730 426 783 461 2-
806 425 865 470 rao
879 441 931 458 Ι--

368 584 669 654 sonscnarmmnn
694 583 861 654 Secfalrrer
878 581 1172 665 nnartflrirlicbmlt
1191 589 1292 653 leeren

325 787 327 791 .
369 700 567 788 Hoffnungen
595 704 737 777 tdasclrt,
769 700 825 762 ibn
858 702 892 761 in
928 698 1124 763 Abentheuer
1147 703 1291 785 norflech·

366 833 439 899 tet,
472 841 528 888 von
553 815 649 882 denen
668 836 704 878 er
720 816 847 882 niemals
873 814 1035 898 altason,
1057 815 1124 881 and
1146 823 1189 882 sie
1212 817 1287 883 doch

368 935 450 999 auch
474 933 601 997 niemols
633 952 676 996 zo
707 930 798 996 Ende
829 933 958 1018 bringeri
985 935 1080 999 kann.
1111 933 1154 996 (ι)
1182 933 1289 999 ,Dica-

371 1067 464 1126 mus,
488 1065 668 1129 expressum
698 1051 832 1130 planca
861 1049 975 1114 Kantio
1008 1051 1166 1116 Platonem
1192 1069 1286 1132 esse,

369 1162 424 1246 qui
451 1162 592 1228 similiter
620 1184 680 1229 nos
702 1165 821 1247 opinari
852 1180 883 1228 et
908 1183 1019 1229 errare.
1037 1166 1136 1245 dixit,
1159 1167 1186 1230 si
1215 1167 1289 1248 ,qui-

370 1280 439 1346 dem
481 1281 624 1345 sensibus
664 1281 843 1363 percipere,
892 1296 970 1359 quae
1006 1279 1043 1343 iis
1074 1281 1190 1361 percipi
1221 1301 1286 1344 non

370 1410 529 1478 possunt,
563 1394 707 1458 velimus.
752 1393 835 1457 Idem
862 1393 1024 1459 dicendum
1053 1395 1092 1458 de
1128 1395 1287 1459 Hemster-

370 1509 464 1574 husio
496 1509 648 1574 videatur.
700 1508 751 1573 De
780 1508 903 1573 materia
930 1509 956 1573 is
985 1510 1095 1575 statuit
1130 1528 1189 1573 nos
1213 1529 1288 1591 pau·

324 1703 327 1707 ⁴
368 1645 405 1691 ca
432 1627 585 1705 novisse,
618 1642 674 1689 nec
704 1625 765 1689 nisi
798 1641 913 1706 partein
955 1627 1062 1708 illam,
1103 1646 1183 1709 quae
1216 1644 1287 1692 sen-

369 1741 458 1813 sibus
495 1741 611 1808 nostris
638 1741 803 1807 convenit:
851 1758 1006 1809 caeterum
1044 1759 1166 1826 praeter
1187 1756 1289 1808 ¹nate·

369 1859 444 1926 riam
478 1859 546 1923 sive
587 1858 753 1941 physicum
792 1858 874 1922 hunc
924 1860 1073 1929 mundun
1107 1861 1200 1923 alium
1240 1878 1289 1923 es·

366 1993 426 2054 se,
448 1974 595 2040 moralem
627 1975 794 2055 videlicet,
827 1993 1021 2058 prorsusque
1047 1996 1064 2040 a
1094 1974 1220 2040 materie
1243 1972 1289 2038 di-

363 2109 490 2156 versum
514 2091 733 2171 alienumque,
757 2109 847 2170 quem
869 2090 911 2154 ita
932 2091 1024 2154 nobis
1052 2091 1211 2172 percipere
1238 2112 1289 2158 or·

364 2227 449 2293 gano
480 2210 594 2273 morali
623 2208 738 2286 licere,
784 2221 820 2270 ut
846 2207 989 2271 sensibus
1023 2206 1157 2272 externis
1198 2226 1287 2272 mun·

366 2324 440 2389 durn
473 2323 637 2407 physicum
670 2300 871 2406 percipimus.
916 2323 995 2388 Rem
1022 2324 1075 2389 ille
1106 2341 1288 2388 monumen·

364 2440 390 2504 ti
417 2439 484 2505 sive
511 2440 621 2523 lapidis
653 2439 883 2521 comparatione
912 2439 1103 2518 illustrabat,
1137 2441 1225 2522 cujus
1253 2441 1286 2504 in

366 2573 502 2640 quatuor
525 2558 673 2622 lateribus
697 2556 888 2620 diversarum
918 2555 1090 2645 linguarum
1110 2553 1288 2636 inscriptio-

366 2691 423 2739 nes
463 2686 630 2739 exstarent.
681 2671 717 2735 ln
744 2671 853 2736 eodem
883 2664 1109 2749 monumento,
1146 2648 1214 2750 ait,
1234 2670 1287 2734 alii

363 2789 447 2854 aliud
474 2791 631 2870 longeque
661 2786 841 2865 diversum,
863 2804 922 2868 pro
943 2784 1115 2867 linguarum
1137 2805 1215 2865 quas
1242 2799 1288 2851 te-

362 2919 438 2971 nent
469 2904 669 2982 diversitate,
708 2902 963 2968 animadvertent.
1007 2902 1124 2968 Eadem
1148 2904 1286 2970 universi

362 3022 440 3087 ratio
472 3033 541 3086 est:
565 3018 700 3085 infinitas
727 3038 856 3086 numero
889 3035 921 3085 et
943 3019 1089 3086 varietate
1107 3037 1211 3104 partes
1239 3023 1287 3106 ip·

361 3136 428 3203 sius
449 3137 584 3204 essentia
596 3137 708 3213 lrabet,
729 3155 860 3216 quarunt
888 3136 962 3201 alias
983 3137 1058 3201 aliae
1077 3153 1204 3204 naturae
1228 3160 1286 3222 pro

362 3251 543 3319 facultatum
572 3252 752 3319 diversitate
772 3253 1013 3317 animadvertere
1041 3266 1072 3315 et
1095 3271 1287 3335 cognoscere

363 3381 514 3451 possunt.
557 3365 686 3444 Nobis,
717 3367 772 3449 qui
809 3370 857 3434 his
890 3365 1034 3448 quinque
1058 3368 1202 3436 sensibus
1233 3389 1287 3436 ex-

364 3480 460 3546 ternis
483 3488 520 3544 'et
539 3479 662 3546 interno
683 3501 839 3566 praeterea
860 3483 926 3548 sive
955 3460 1064 3550 notali
1086 3504 1182 3552 sensu
1199 3508 1288 3571 prae·
1355 3514 1360 3525 ¹

363 3581 420 3660 diti
439 3613 572 3676 sumus,
605 3615 707 3681 partes
728 3601 796 3684 ejus
824 3599 874 3665 his
903 3601 1049 3667 sensibus
1072 3601 1288 3672 facultatibus·

335 3729 427 3798 ‘que
447 3714 564 3780 nostris
595 3720 735 3798 patentes
768 3719 931 3799 exquirere
950 3734 997 3784 .et
1027 3738 1218 3802 cognoscere
1249 3721 1286 3785 li·

972 3904 977 3907 ,
1213 3851 1286 3918 cet,

395 3964 445 4033 (t)
465 3962 537 4014 xant
568 3968 672 4017 Critiel·
698 3971 745 4019 der
768 3990 791 4021 t.
815 3975 850 4024 V..
869 3989 896 4038 p.
915 3973 974 4041 294.
995 3968 1046 4020 Ed.
1066 3938 1243 4043 ffi⁸²⁴¹7⁸lr
1289 4011 1292 4017 .
