2896 5168
621 468 810 543 „198-

258 662 350 723 rent,
378 661 412 708 ac
436 646 501 711 suis
527 644 649 710 viribus
670 647 804 709 valerent
825 643 924 724 satis,
947 658 982 709 ut
997 646 1119 711 aliunde
1139 665 1188 710 re·

257 761 416 841 qtrirerent
445 763 545 840 nihil,
576 778 658 824 nunc
691 758 744 824 vix
777 772 1001 827 memorantur.
1059 762 1187 827 Illorum

257 880 333 943 adeo
353 878 467 954 multi,
492 876 546 957 qui
566 876 603 940 ab
625 877 685 941 isti
707 875 826 940 scilicet
847 875 1030 941 fortitudine
1049 878 1190 958 proxime

258 996 395 1075 absunt,
424 993 513 1058 eii'ata
546 1008 645 1056 tamen
676 1010 731 1055 sua
762 1010 865 1056 sacrae
882 993 1042 1055 doctrinae
1065 1008 1189 1058 nostrae

258 1132 329 1181 cum
361 1109 544 1176 atrctoritate
574 1109 781 1186 confirmare,
810 1125 875 1170 tum
899 1109 1005 1189 specie
1028 1127 1062 1173 ac
1082 1110 1191 1175 colore

225 1306 228 1311 ,
256 1229 471 1295 commendare
489 1227 627 1291 student.
661 1227 749 1310 Quae
766 1242 837 1287 cum
858 1221 997 1303 insint,
1018 1242 1083 1288 noa
1102 1245 1191 1290 com·

256 1347 438 1411 mittendum
470 1344 565 1408 nobis
594 1358 662 1423 est,
691 1358 725 1406 ut
749 1341 886 1424 ignorari
909 1361 925 1406 a
948 1342 1106 1424 plerisque
1130 1346 1191 1409 So·

255 1463 385 1526 craticae
412 1480 446 1526 ac
478 1458 652 1526 Platonicae
681 1458 905 1541 philosophiae
935 1459 998 1523 vim
1034 1480 1068 1525 ac
1100 1479 1190 1543 prae·

253 1577 395 1643 stantiam
420 1578 569 1642 sinamus.
614 1577 664 1641 nb
687 1576 743 1640 hac
772 1574 851 1639 enim
882 1579 945 1640 uni
976 1577 1106 1641 maxime
1136 1596 1190 1642 ex·

166 1778 169 1782 Δ
255 1711 417 1778 spectare,
439 1714 530 1777 quam
550 1712 658 1757 ornnes
680 1693 853 1759 desiderare
874 1707 968 1775 atque
989 1708 1132 1774 expetere
1143 1693 1190 1758 vi·

253 1816 387 1893 dentur,
412 1833 506 1879 uerae
528 1811 738 1897 philosophiae
757 1832 828 1876 cum
849 1810 930 1876 arrd
951 1810 1100 1894 religiono
1119 1831 1192 1876 con-

243 1932 459 2016 junctionem,
482 1929 568 1993 licet.
614 1929 825 2012 Quamobrem
846 1927 962 2007 nobis,
987 1928 1073 2008 quod
1088 1928 1190 1991 adhuc

255 2047 396 2129 egimus,
416 2036 461 2110 'iu
484 2063 568 2110 ntrnc
595 2046 776 2128 praesertim
805 2046 836 2108 iu
862 2047 922 2110 hoc
950 2043 1108 2109 tractando
1138 2064 1191 2108 ar-

253 2144 572 2246 gumento'agendum
598 2164 676 2242 erit,
694 2178 728 2226 ut
747 2163 913 2225 scribendo
930 2163 1080 2241 prodesse
1098 2161 1192 2225 aetati

252 2294 398 2358 nostrae,
436 2278 693 2361 gravissimisque
727 2281 795 2362 ejus
833 2279 954 2343 caussis
985 2279 1190 2360 prospicere,

255 2399 356 2476 quoad
375 2399 442 2480 ejus
465 2396 528 2461 fieri
554 2412 682 2477 potest,
707 2398 853 2460 nitamur.

513 2631 774 2695 Puteosounrne
802 2648 931 2695 suucrr

349 2768 563 2831 usurpatque,
586 2768 636 2813 υτ
659 2767 753 2812 aaut)
776 2746 977 2813 Platonem
1001 2765 1089 2827 esa,

628 2883 824 2929 PRINClPlu.

298 3097 507 3162 Esccndimus
546 3097 584 3160 ad
618 3094 776 3179 fastigium
809 3095 967 3159 doctrinae
999 3092 1189 3162 Platonicae.
1259 3160 1263 3167 ,

258 3213 360 3292 Nam,
384 3227 417 3277 ut
429 3215 528 3294 pulcri
543 3213 743 3296 philosophia
756 3213 848 3276 nohis
862 3212 1008 3277 introitus
1022 3212 1105 3293 fuit,
1122 3232 1190 3293 quo

255 3329 358 3393 aditus
381 3332 590 3395 recluderetur
611 3332 649 3394 ad
672 3349 797 3410 regnum
819 3329 957 3394 veritatis
978 3349 1011 3393 ac
1039 3331 1189 3411 virtutis,

255 3445 422 3535 immine,
457 3462 658 3529 posteaquam
683 3447 713 3511 in
739 3446 802 3511 veri
822 3447 963 3530 justique
983 3446 1189 3529 philosophia

256 3563 353 3643 satis,
379 3581 412 3627 ut
434 3564 578 3644 videtur,
596 3565 673 3641 diu,
693 3565 730 3627 ad
749 3584 812 3628 eam
837 3580 918 3628 recte
938 3566 1187 3648 percipiendam,

255 3681 367 3743 versati
406 3700 537 3760 sumus,
571 3683 642 3746 lunc
669 3681 763 3745 nobis
790 3684 909 3746 tandem
937 3685 975 3748 ad
1001 3682 1187 3749 initiationis

255 3795 350 3878 hujus
378 3811 502 3859 nostrae
528 3802 569 3867 τὲ
598 3802 691 3889 cilex
712 3801 761 3866 uxi
784 3803 933 3869 ἕποπτικὲ
957 3803 1184 3866 escendendum

255 3925 315 3975 est.
359 3913 427 3977 Nec
459 3928 557 3976 tannen
590 3915 633 3979 sic
663 3915 838 3980 existimare
864 3933 924 3981 nos
956 3919 1064 3997 decet,
1095 3917 1186 4000 quasi

255 4046 335 4092 nova
368 4029 418 4095 hic
450 4033 551 4095 ottmia
580 4034 826 4115 corateuplaturi
863 4034 972 4100 simus.
1022 4033 1082 4099 Est
1109 4036 1185 4099 haec

1131 4150 1187 4215 ati·
