2896 5168
763 497 957 576 ..1⁶4-

406 680 569 755 aublimis,
602 678 806 758 hominesque
828 676 1010 741 habitabunt
1032 674 1064 738 in
1087 674 1184 751 mari,
1212 688 1242 738 et
1262 675 1329 756 pis·

404 816 456 862 ces
478 794 664 860 domicilium
686 794 886 874 occupabunt
908 792 1091 867 bominum,
1124 791 1249 869 quando
1270 810 1330 856 vos

407 915 554 993 quidem,
577 909 838 986 Lacedaemonii,
857 907 935 990 juris
956 907 1170 988 aequabilitate
1186 908 1328 988 sublata,

409 1029 588 1110 tyrannides
609 1027 641 1089 in
667 1025 808 1090 civitates
835 1026 979 1088 reducere
1005 1024 1139 1106 paratis:
1162 1043 1228 1106 quo
1248 1024 1329 1090 nibil

407 1160 454 1210 est
474 1145 506 1206 in
526 1141 705 1206 bominibus
727 1140 884 1221 iniquius,
908 1141 985 1205 nibil
1006 1140 1196 1206 sceleratius.
1210 1140 1252 1209 (¹)

451 1260 530 1324 illud
563 1258 680 1323 scilicet
701 1273 783 1322 recte
804 1256 1031 1338 perspiciebant
1051 1258 1119 1336 illi,
1153 1257 1330 1324 labefactari

407 1376 440 1439 in
459 1374 667 1452 civitatibus,
698 1375 858 1455 tyrannide
879 1379 1011 1452 exorta,
1036 1373 1150 1438 civium
1173 1374 1257 1452 vim,
1281 1392 1329 1438 re-

410 1492 522 1557 stituta
545 1504 673 1554 vernet
694 1489 878 1554 auctoritate
898 1491 1001 1570 legum
1014 1505 1045 1555 et
1054 1490 1258 1572 aequalitate,
1279 1491 1329 1554 vi-

407 1626 512 1692 gorem
535 1607 628 1670 simul
647 1606 770 1670 civibus
791 1607 927 1672 restitui.
978 1607 1077 1689 Quod
1104 1621 1203 1671 autern
1230 1607 1330 1671 veris·

408 1725 536 1801 simam,
565 1740 655 1800 quam
681 1720 841 1802 diximus,
863 1722 978 1788 civium
1000 1723 1032 1786 in
1052 1721 1230 1789 civitatibus
1251 1722 1332 1789 anti·

408 1839 479 1922 quis
490 1840 658 1903 libertatem
670 1836 798 1919 attinet,
820 1856 859 1903 ex
878 1841 963 1905 nulla
981 1858 1014 1903 te
1030 1839 1081 1903 illa
1101 1837 1220 1922 magis,
1237 1856 1330 1921 quam
1403 1880 1406 1885 -

408 1977 446 2023 ex
467 1959 523 2027 bac
544 1953 699 2022 Platonicd
718 1955 888 2037 tyrannidis
907 1953 1116 2037 descriptione
1128 1970 1224 2036 patet.
1246 1952 1331 2019 Tan·

408 2090 472 2137 tuan
493 2072 601 2149 abest,
625 2087 658 2135 ut
679 2071 738 2136 ista
759 2072 827 2152 sit,
848 2088 939 2151 quam
965 2071 997 2135 in
1021 2071 1235 2137 democraticis
1254 2071 1332 2137 civi·

408 2187 526 2253 tatibus
551 2204 678 2268 crepant
716 2205 847 2270 omnes,
891 2204 927 2253 ut
962 2189 1036 2253 haec
1066 2189 1105 2254 ad
1135 2206 1331 2254 communem

409 2305 547 2369 omnium
569 2304 748 2369 servitutem
772 2305 894 2370 tendat:
916 2303 979 2368 imo
1000 2324 1100 2385 vero,
1121 2323 1187 2386 quo
1205 2305 1336 2386 longius

408 2421 449 2486 ab
478 2419 536 2486 istd
565 2421 683 2495 distat,
716 2440 844 2502 quoque
864 2422 979 2487 arctius
999 2440 1069 2486 cum
1092 2424 1192 2505 legum
1214 2443 1248 2488 ac
1269 2442 1335 2488 rna·

407 2538 589 2622 gistratuum
610 2539 782 2603 obedientia
805 2540 970 2622 conjuncta
990 2554 1062 2620 est,
1087 2558 1125 2603 eo
1146 2540 1261 2604 rectius
1278 2558 1335 2622 ap·

411 2656 517 2736 pellaei
538 2659 700 2723 verissima
720 2657 859 2720 civitatis
880 2655 1009 2721 libertas
1030 2670 1147 2737 potest.
1199 2658 1242 2722 Et
1259 2655 1349 2721 binc.

410 2775 533 2854 quidem
558 2790 638 2854 eptae
659 2790 734 2839 vero
757 2773 827 2837 item
849 2772 975 2837 nontine
995 2774 1126 2838 hominis
1146 2772 1275 2837 dicenda
1294 2771 1336 2835 le·-

408 2888 513 2955 bertar
544 2891 609 2967 sit,
640 2886 788 2953 eilicitur:
822 2890 908 2970 quod
936 2908 1000 2969 quo
1026 2887 1120 2953 nobis
1139 2886 1339 2953 manifestius

409 2998 484 3082 lior,
517 3003 672 3087 tyrannidi
701 3005 761 3087 jam
792 3024 1008 3087 comparemus
1037 3005 1208 3087 pessimum
1231 3005 1336 3070 botni-

409 3136 504 3199 nmn,
527 3121 626 3184 virum
645 3119 856 3202 tyrannicum.
938 3194 943 3205 ,

572 3353 632 3418 De
659 3357 754 3418 niro
782 3359 1031 3436 tyrannico.
1083 3356 1172 3441 Qua

722 3475 900 3535 rollone
922 3473 1022 3556 fit?

463 3703 520 3768 Uti
553 3722 568 3765 e
598 3702 782 3769 democratia
821 3706 983 3785 tyrannis,
1014 3707 1054 3772 ita
1083 3726 1102 3772 e
1128 3709 1339 3773 democratico

411 3814 478 3883 uiro
508 3820 687 3899 tyrannicus
716 3817 762 3883 sn.
827 3819 863 3884 ln
899 3822 957 3886 hac
987 3839 1086 3888 autem
1117 3823 1342 3904 disquisitione

1271 3940 1343 4004 Pla·

444 4089 484 4158 (ι)
507 4090 608 4145 Herod.
631 4093 664 4146 V.
685 4108 726 4162 91.
748 4092 791 4144 Cf.
813 4094 904 4149 Diale.
919 4114 945 4163 p.
966 4095 1008 4149 65.
