2896 5168
794 458 989 535 ..⁶4..·

416 622 564 704 custodes
592 635 621 700 ei
643 647 674 699 et
697 633 834 718 optimos
865 654 882 700 e
912 635 1040 702 caeteris
1061 621 1196 722 'eligeret'
1216 650 1248 706 et
1270 640 1346 727 per.

413 754 530 822 sectum
550 771 605 818 eos
625 753 657 818 in
676 752 802 819 modum
822 770 878 836 per
901 753 1047 819 musicam
1068 769 1100 821 et
1118 757 1369 840 pynmncamu

414 870 606 938 informaret.
1346 882 1354 897 ·

453 988 529 1075 Quo
548 989 610 1071 iarn
628 987 774 1068 deinceps
792 986 876 1068 apud
896 1005 967 1053 euna
991 989 1135 1055 Socrates
1156 994 1352 1075 progressu-³

411 1125 485 1188 rus,
514 1102 634 1170 ciuitati
654 1120 760 1169 recens
785 1117 875 1169 natae
898 1106 1083 1172 excolendae
1107 1107 1350 1193 philosophiami

410 1220 513 1308 pulcri
535 1221 681 1299 adhibet,
704 1231 937 1301 mperatres,
970 1241 1048 1304 quae
1075 1224 1178 1306 pulcri
1202 1240 1349 1294 mom.

413 1342 447 1407 in
468 1338 570 1406 animo
589 1335 748 1415 excitant,
778 1335 810 1400 in
832 1336 940 1418 primis
962 1357 1017 1419 per
1038 1340 1208 1421 musicam
1223 1341 1350 1409 arriani

411 1456 550 1523 omniurn
572 1456 664 1536 longe
690 1451 884 1536 principem,
907 1453 990 1520 bunc
1010 1455 1235 1539 ipsumpuicri
1254 1468 1348 1525 amne·

410 1591 475 1640 rem
504 1570 537 1638 in
557 1569 741 1636 custodibus
762 1567 895 1634 excitetr
928 1570 1095 1655 adjicitque
1119 1570 1341 1658 &munatium

409 1688 573 1770 musicae,
595 1684 773 1751 vindicibus
789 1684 943 1767 civitatis,
965 1702 1002 1753 ut
1020 1688 1111 1756 nauis
1131 1706 1196 1759 eam
1221 1689 1348 1757 naviter
1381 1704 1388 1715 “

409 1815 631 1891 penmanent,
667 1801 695 1868 si
729 1801 807 1882 quid
836 1800 939 1883 aliud,
968 1806 1185 1874 necessariam.
1236 1806 1346 1875 Nobis¹

413 1926 537 2008 quidem
557 1920 609 1986 illa
627 1920 689 1985 hoc
709 1921 781 1984 loco
800 1936 866 1984 non
887 1937 971 1986 nova
983 1921 1139 1989 ‘accidena
1169 1922 1348 2006 AExposini

409 2042 472 2126 jam
497 2056 635 2121 magnam
666 2049 785 2118 partem
815 2051 910 2115 sunt,
946 2037 1098 2119 quanin
1119 2038 1187 2121 ipsa
1204 2038 1345 2106 vm
1382 2077 1387 2085 .

412 2152 705 2237 mur-philosophia
725 2152 848 2234 pulcri3
881 2167 1081 2220 veruntamen
1110 2152 1269 2221 reminisci
1289 2169 1346 2222 eo«

414 2274 504 2352 runa,
536 2277 616 2352 quie
645 2284 712 2333 tum
738 2269 777 2334 de
806 2269 927 2336 artibus
955 2270 1204 2355 maximeque-de
1223 2271 1364 2338 musice·

415 2387 614 2472 accepimus,
637 2385 688 2451 hie
711 2402 776 2449 non
802 2385 955 2467 ingratum
976 2384 1092 2453 fuerit:
1115 2390 1147 2453 et'
1170 2391 1346 2484 veroqane'

416 2521 482 2572 tuni
514 2502 606 2569 unice
641 2501 681 2567 de
711 2501 921 2584 singularibus
951 2503 1133 2571 hominibus
1164 2504 1343 2573 excolendis

414 2623 572 2699 diximus,
603 2617 747 2685 nuncin
777 2617 951 2684 universam
981 2617 1138 2685 civitatem
1159 2620 1345 2703 applicaturi

414 2745 547 2807 suanusa
579 2737 699 2819 eritque
732 2734 826 2800 nobis
859 2733 908 2799 vis
939 2735 1122 2800 attendenda
1155 2737 1344 2823 praecipue,

416 2877 508 2940 quam
540 2854 580 2920 ad
612 2871 714 2920 mores
746 2851 862 2917 civium
893 2852 1031 2936 integros
1060 2855 1230 2921 servandos
1261 2853 1344 2924 art'e's

416 2973 528 3039 habere
548 2971 582 3036 in
600 2970 727 3036 civitate
744 2981 900 3051 oporteat.
1339 2980 1342 2987 ·

608 3203 665 3268 Dc
696 3203 852 3267 artium
883 3207 928 3268 in
958 3206 1160 3289 ciuitate,

523 3316 744 3405 adipsum
776 3317 1063 3385 excolendam
1094 3316 1245 3406 οοοὶο,
1286 3344 1290 3359 ·

664 3437 706 3502 νο·
738 3447 777 3498 ct
807 3438 1102 3504 auctoritate.
1144 3467 1148 3474 =

1232 3582 1235 3588 .
1337 3555 1344 3592 i

464 3673 544 3737 Nana
564 3668 699 3734 musicae
718 3668 843 3749 quidem
872 3669 959 3734 Plato
985 3669 1063 3735 hanc
1092 3670 1203 3737 tribuit
1232 3671 1265 3737 iu
1285 3672 1349 3743 reni

422 3787 577 3872 publicam
596 3785 659 3851 vim
681 3799 713 3848 et
733 3785 965 3866 auctoritatem,
988 3801 1024 3851 ut
1044 3787 1248 3868 pronunciare
1266 3789 1357 3858 haud·

422 3917 601 3969 vereretur:
638 3899 714 3975 εἶδος
741 3903 803 3983 γὰρ
826 3906 922 3969 aucuia
950 3912 1090 3983 μουσικοῖς
1111 3880 1351 3988 μετοοβοὶοοοοεοοζΙ

422 4021 629 4104 εὖλοοβοιτέοο,
664 4021 701 4092 ὡς
736 4018 766 4083 ἕο
800 4015 857 4100 i'ap
888 4021 1100 4089 κοοέυνεύονοοο·
1130 4027 1258 4108 οὐδαμοῦ
1281 4029 1357 4110 γὰρ·

1308 4167 1353 4211 κ..
