2896 5168
545 439 547 442 ’
621 468 815 532 -νος-

251 649 310 698 uos
334 633 500 699 1νῑιιίῑ.-’
530 633 606 717 Quo
634 633 728 698 modo
754 631 866 698 istudi
886 667 931 684 -
966 633 1036 711 Hoc
1067 635 1180 699 modo:

250 748 390 815 videmur
415 748 491 812 mihi
514 748 651 812 dicentes
673 747 752 813 iliud
777 749 839 831 jam
864 749 982 831 pridem
1005 764 1036 813 et
1056 752 1183 814 audieu-

251 878 321 940 tes,
364 863 599 944 haudquaquam
632 863 900 945 animadvertisse,
942 864 975 930 id
1009 881 1069 929 nos
1102 883 1183 946 quo·

251 981 414 1045 daminodo
434 980 547 1046 dicere.
561 979 602 1050 (¹)

295 1095 358 1160 Hic
380 1096 525 1177 Glauco,
568 1102 699 1182 μακρὸν,
741 1096 867 1179 inquit,
901 1102 936 1167 τὸ
966 1101 1111 1182 προοίμιον
1140 1101 1181 1182 cai

252 1214 435 1295 ἐπιθυμοῦντι
457 1218 593 1285 ἀκοῦσαν.
658 1213 800 1297 Longum
823 1233 897 1279 sane
915 1217 1102 1298 prooemium
1124 1234 1183 1278 σν·

226 1325 320 1410 ,alera
343 1331 491 1414 cupienti.
544 1330 628 1396 Tum
657 1330 820 1409 Socrates,
849 1329 925 1411 quid
953 1329 1014 1412 ipsi
1043 1329 1183 1394 videatur

247 1442 368 1526 justitia
393 1464 479 1524 esse,
511 1447 682 1511 accuratius
710 1446 851 1528 exponit.
918 1446 1025 1522 Audi,
1058 1445 1181 1528 iuquit,

249 1575 322 1623 num
353 1562 428 1640 quid
455 1560 571 1627 dicam:
606 1565 691 1642 quod
719 1561 798 1627 enim
829 1563 867 1627 ab
903 1562 993 1626 initio
1017 1564 1182 1629 statuimus

248 1693 503 1757 unumquemque
530 1695 618 1758 agere
642 1693 807 1759 oportere,
841 1679 918 1742 iliud
941 1694 1011 1755 est,
1045 1694 1080 1742 ut
1108 1662 1201 1746 mihi'

251 1789 375 1855 videtur
395 1791 447 1856 vel
470 1792 565 1874 hujus
594 1793 713 1875 species
744 1794 913 1874 quaedam,
935 1792 1070 1877 justitia.
1116 1795 1184 1859 Sta·

249 1905 366 1980 tuimus
386 1922 504 1990 autem,
535 1924 566 1973 et
589 1909 737 1993 saepius,
758 1908 785 1974 si
806 1911 998 1990 memineris,
1023 1910 1202 1990 diximus,

249 2042 503 2106 unumquemque
526 2026 633 2091 decere
661 2043 755 2090 unum
785 2027 861 2105 quid
891 2025 1029 2091 factitare
1052 2045 1183 2106 eorum,

250 2157 330 2219 quae
362 2140 481 2206 civitati
515 2141 719 2217 conducunt,
752 2141 789 2204 ad
824 2142 911 2222 quod
941 2140 1040 2224 ipsius
1072 2155 1180 2209 natura

248 2272 331 2325 essct
355 2257 527 2339 aptissima.
550 2255 761 2323 -Diximus
785 2259 1026 2338 proculdubio.
1049 2296 1093 2310 -
1125 2260 1185 2324 At·

249 2375 305 2454 qui
332 2393 422 2439 suum
453 2392 541 2457 agere
567 2392 624 2438 nec
655 2373 742 2454 quod
769 2373 838 2437 aliis
870 2375 1021 2456 agendum
1054 2389 1102 2438 est
1137 2375 1184 2441 af·

249 2487 382 2570 sectare,
402 2491 553 2575 iustitiam
584 2505 725 2570 esse„et
757 2490 817 2554 hoc
847 2509 917 2554 cum
942 2491 980 2554 ab
1008 2489 1078 2555 aliis
1104 2495 1184 2557 suui-

249 2610 290 2675 tis
319 2609 511 2687 audivimus,
542 2621 608 2671 tum
638 2606 698 2687 ipsi
719 2605 853 2670 diximus
880 2623 1112 2685 saepenumero.
1136 2643 1182 2658 -

174 2734 177 2749 '
249 2727 407 2795 Diximus.
430 2760 474 2776 -
495 2720 566 2787 Hoc
596 2721 705 2801 utique
727 2719 870 2793 videtur,
893 2718 1008 2795 amice,
1033 2738 1102 2783 cum
1126 2720 1182 2790 fit.

245 2844 366 2927 justitia
393 2838 622 2922 quodammodo
648 2854 737 2913 esse,
760 2853 815 2898 sua
838 2851 939 2914 agere.
992 2833 1099 2898 Scisuc
1127 2855 1182 2899 au·

249 2973 332 3039 tem,
367 2959 448 3021 unde
469 2954 546 3018 illud
570 2949 758 3035 conjiciam?
779 2985 825 3000 —
865 2948 1093 3030 Nequaquam,
1125 2951 1180 3014 sed

249 3076 323 3155 dic,
345 3091 474 3153 quaese.
498 3100 546 3117 -
575 3079 668 3138 Δοκεῖ
682 3093 731 3150 μοι
750 3072 784 3137 τὸ
805 3069 960 3136 ὑπόλοιπον
982 3069 1013 3133 ἐν
1033 3079 1071 3150 σῇ
1093 3070 1179 3137 πόλιν

249 3195 286 3264 ὧν
301 3194 493 3273 ἐσκέμμεθα,
509 3189 694 3271 σωφροσύνης
710 3187 760 3252 καὶ
776 3186 909 3266 ἀνδρείας
924 3184 974 3250 καὶ
990 3186 1154 3266 (poenitetis
1164 3179 1189 3262 ,’

178 3302 184 3316 ’
248 3316 334 3380 τοῦτο
359 3306 431 3377 εἶναι
461 3306 475 3376 i
504 3313 596 3375 σᾶσνν
625 3307 740 3376 ἐκείνας
770 3305 823 3378 σὴν
850 3302 973 3380 δύναμιν
999 3303 1175 3384 παρέσχεν,

253 3430 328 3497 ὥστε
344 3426 519 3507 ἐγγενέσθαι
533 3424 582 3490 καὶ
597 3420 781 3501 ἐγγενόμενα
799 3441 839 3495 γε.
853 3415 996 3496 σωτηρίαν
1011 3415 1176 3497 παρέχειν,

250 3547 303 3623 ius
325 3550 362 3616 ica
384 3548 444 3625 ἐνῇ.
513 3537 649 3605 Videtur
676 3535 753 3597 mihi
780 3529 864 3616 quod
888 3529 1044 3612 reliquum
1072 3543 1116 3591 est
1144 3533 1178 3589 in

248 3665 399 3740 ciuitate,
424 3662 558 3744 practer
580 3653 659 3731 illa,
691 3670 771 3737 quac
794 3642 1071 3722 consideravimus,
1102 3659 1177 3706 rena—

246 3780 449 3866 parantium,
482 3769 729 3856 fhrtitudt'nam,
771 3763 979 3849 sapientiam,
1009 3761 1063 3823 hoc
1092 3781 1175 3836 essa,

1091 3874 1174 3958 quod
1189 3866 1191 3868 ’

285 4040 327 4110 (r)
344 4043 389 4090 Ba
405 4040 475 4106 ssep.
495 4032 546 4086 lv.
564 4031 624 4085 652·
637 4029 664 4080 B.
684 4057 714 4071 -
731 4027 790 4079 432.
805 4024 836 4075 Γ..
