2896 5168
619 450 850 536 ”⁴¹³

248 631 356 685 essem
373 617 488 684 ‘tratum
512 613 680 700 pmpriae,
700 611 863 698 cogitare,
886 611 1080 696 ratiocinari,
1101 616 1184 685 eolis

250 735 376 801 cludere
401 734 489 800 nullo
518 731 616 797 modo
643 743 774 812 possen·
820 726 910 813 Quae
935 729 1187 815 philosophandi·

250 853 329 917 ratio
350 851 445 918 habet
473 865 571 927 saue,
594 865 660 928 quo
691 845 784 913 uobis
811 864 959 929 perquam
988 851 1126 932 placeata
1149 864 1182 918 et

250 987 354 1048 vero,
386 964 528 1048 quamvis
557 962 681 1047 poetici
708 963 847 1030 Platonis
873 963 1065 1031 sublimitate
1088 966 1185 1032 desti·

252 1098 343 1164 tuta,
373 1081 458 1154 haud
481 1092 564 1146 caret
584 1093 687 1144 tamen
717 1078 922 1147 sublimitate.
965 1080 1048 1147 Nam
1073 1096 1109 1146 ut
1137 1099 1187 1148 re·

252 1198 333 1284 petit
354 1198 488 1266 Kantius
507 1197 592 1264 ideas
620 1215 659 1263 ex
678 1193 750 1280 ipso
771 1196 908 1262 hominis
937 1198 1120 1280 intellectu,
1142 1197 1187 1266 ita

252 1304 434 1396 hominem,
467 1313 531 1392 ait,
560 1314 731 1380 secundum
764 1331 817 1379 eas
850 1327 1008 1404 tamquam
1035 1333 1190 1396 normaa‚·

251 1446 407 1515 tamquam
428 1433 609 1518 regularius
632 1434 810 1519 principia,
832 1449 913 1514 quae
942 1446 1059 1514 vocat,
1081 1448 1113 1501 et
1130 1452 1185 1500 co·

252 1552 352 1638 gitate
374 1565 406 1616 et
425 1567 502 1615 vero
521 1566 624 1634 agere.
667 1548 827 1614 Virtutem
853 1568 961 1631 puram
988 1550 1187 1634 sapientiam·

253 1686 325 1750 que.
341 1666 374 1733 iu
401 1665 480 1733 ideis
498 1679 630 1747 censet3
654 1675 715 1731 nec'
732 1665 937 1755 veroidealia
960 1668 1084 1753 rejicit,
1107 1686 1194 1750 quae

194 1860 199 1869 ,
254 1786 320 1853 sibi
341 1778 491 1851 informat
518 1783 639 1864 homo,
667 1798 703 1848 ut
724 1801 758 1847 v.
782 1802 812 1849 c.
835 1781 1004 1866 perfectam
1036 1785 1187 1869 sapientis

254 1902 415 1986 speciem,
448 1901 545 1967 modo
569 1916 722 1984 congruat
749 1899 851 1984 imago
873 1918 969 1984 purae
991 1899 1077 1967 ideae
1095 1902 1191 1968 ratio·

256 2018 308 2086 nis
335 2037 433 2102 purae
453 2018 520 2084 (ria
541 2017 636 2083 unde
665 2018 792 2083 moralis
823 2018 883 2083 illa.
904 2017 1095 2104 philosophi·
1117 2035 1189 2087 nata

256 2135 396 2203 doctrina
421 2147 493 2215 est,
536 2153 630 2216 quam
656 2134 708 2200 alii
732 2133 820 2199 aliter
837 2137 1040 2219 judicarunt,
1079 2156 1188 2205 omnes

255 2260 335 2319 dero
366 2266 399 2318 et
426 2248 563 2334 puritate
589 2262 621 2314 et
651 2249 841 2320 sublimitate
871 2255 1023 2318 excellere
1050 2252 1190 2321 confessi

256 2381 344 2434 aunt.
389 2365 479 2433 Talis
508 2364 605 2449 igitur
629 2378 700 2429 cum
726 2364 896 2431 Kantianae
916 2355 1084 2434 ¹doctrinae
1110 2370 1191 2436 ratio

255 2484 324 2568 sit,
344 2485 446 2552 dicere
468 2480 552 2549 haud
583 2481 690 2564 inepte
711 2481 894 2562 videamur,
916 2482 1056 2566 poeticas
1083 2485 1191 2571 imagl-

256 2622 314 2672 nes
338 2602 479 2671 Platonis
504 2621 521 2667 a
552 2598 668 2666 Kantio
695 2600 733 2665 ad
763 2598 951 2685 diligentiam
972 2614 1011 2667 et
1042 2602 1210 2670 reverita-2

258 2735 322 2788 tem
350 2717 572 2806 philosophiae
588 2729 756 2782 revocatas
781 2733 871 2803 esse*v
927 2717 1110 2784 Cavendum
1136 2738 1192 2788 ve-
1244 2742 1262 2778 ·.
1378 2733 1380 2737 ‘

258 2859 295 2906 ro
325 2838 459 2906 maxime
487 2849 560 2916 eet,
602 2854 642 2900 ne
670 2834 781 2919 placita
809 2835 977 2918 utriusque
1005 2836 1197 2922 philosophi?

256 2954 637 3023 confundamus-temere.
1084 3005 1088 3010 .
1134 3022 1136 3026 Α

299 3072 401 3141 Nam(¹
417 3068 504 3154 quod
534 3067 667 3133 Kantius
696 3066 841 3132 virtutem
876 3079 908 3132 et
945 3067 1127 3149 sapientiam
1158 3071 1192 3137 in

258 3191 338 3260 ideis
365 3203 495 3269 censet,
515 3187 604 3280 Plato
631 3182 756 3266 quidem
780 3187 918 3269 <opimam
942 3184 1045 3266 dixit,
1067 3186 1094 3252 si
1115 3206 1193 3256 con.

243 3309 337 3396 'apici
359 3327 378 3376 a
400 3304 586 3374 mortalibus
615 3315 749 3388 posset,
780 3300 974 3371 admirabiles
999 3302 1050 3370 sui
1069 3322 1199 3375 amores·

259 3427 460 3492 exaltaturam
491 3440 586 3503 esse,
627 3421 684 3487 sed
715 3437 772 3487 nec
805 3422 964 3507 φρόνησιν,
1006 3440 1063 3489 uec
1096 3443 1190 3507 quam

260 3540 389 3627 proprie
411 3557 473 3604 nos
499 3541 552 3604 vel
576 3537 724 3604 virtutem
752 3537 802 3604 vel
830 3537 1011 3622 sapientiam
1036 3541 1191 3627 dicimus,

1107 3660 1191 3732 ideas

297 3813 340 3884 (ι)
360 3811 464 3865 Karai
482 3807 776 3882 inpressum&
795 3808 980 3880 quiburlocia
998 3811 1114 3883 deipsis
1125 3815 1192 3870 Pla.

258 3911 333 3965 ionia
357 3910 427 3964 ideis
445 3907 578 3980 indicium
595 3908 712 3978 profari.
744 3907 791 3964 ci.
809 3911 867 3980 ajnr
886 3909 1041 3981 disquisitio
1060 3934 1115 3971 oon
1130 3920 1191 3974 dem

260 4013 346 4070 Idea!
359 4011 659 4077 damascenorum,
677 4009 783 4080 190852·
801 4009 855 4069 Μ.
873 4011 913 4066 ll.
930 4011 1031 4083 nigra,
1054 4016 1150 4090 ηδ’...
