2896 5168
600 490 809 587 (⁶²³⁶-

248 670 410 761 pulcrum.
463 665 553 754 Quod
585 646 759 756 siquando
790 674 1005 757 conspexeris,
1036 693 1097 740 non
1132 674 1180 742 od

256 788 333 851 auri
369 783 420 850 oei
448 786 696 850 vestimentorum
724 783 775 848 uei
793 784 976 872 pulerorum
1007 781 1195 853 odolescen?

254 918 321 966 tum
348 903 470 987 speciem
491 901 614 980 exiges,
637 917 767 981 quorum
789 918 870 962 nunc
892 899 1105 987 pulcritudine
1126 901 1176 967 ob·

255 1016 398 1099 stupescis
406 1012 492 1095 fere.
546 1007 647 1094 Quid,
672 1009 798 1091 inquit,
820 1015 1056 1098 existimamus,
1077 1020 1176 1083 sicui

255 1135 419 1209 coertiret,
461 1140 496 1191 ut
525 1112 624 1210 ipsum
656 1126 802 1210 pulcrum
838 1130 1040 1210 intueretur,
1095 1133 1176 1196 inte-

250 1265 368 1333 grum,
402 1259 539 1329 purum,
575 1241 726 1325 simplex,
756 1260 816 1305 non
839 1241 983 1310 humanis
1004 1247 1175 1328 carnibus,

251 1359 421 1437 coloribus,
452 1377 512 1422 non
541 1355 614 1417 aliis
647 1357 739 1435 nugis
766 1354 949 1418 mortalibus
981 1363 1177 1424 contamina·

253 1465 350 1556 tum,·‘
365 1465 418 1537 iet
441 1473 538 1552 ipsum
561 1462 700 1530 ditinum
722 1466 868 1552 pulcrum
888 1469 1045 1551 integrum
1070 1469 1175 1555 adspi-

252 1591 360 1656 ceret?
382 1584 541 1661 Putasne,
563 1580 714 1664 abjectam
738 1600 798 1645 esse
825 1582 954 1646 hominis
979 1586 1097 1663 uitam,
1120 1589 1176 1669 qui

231 1704 334 1771 illuc-
359 1701 503 1786 suspicit,
526 1710 579 1777 et,
605 1717 664 1782 quo
685 1710 803 1782 oportet
819 1697 925 1777 oculo,
946 1696 1032 1762 iliud
1045 1714 1177 1764 contem·

251 1821 363 1909 piatur
387 1836 425 1880 ac
455 1814 601 1877 miscetur
620 1832 690 1876 cum
712 1815 774 1879 eo?
807 1813 920 1878 Nonne
947 1828 1097 1897 reputas,
1125 1815 1177 1881 itio

254 1938 343 2004 unice
372 1935 402 1996 ei
431 1942 610 1996 euenturum
632 1947 713 2008 esse,
744 1943 778 1993 ut
801 1927 946 2013 pulcrum
975 1944 1114 2014 spectans
1143 1951 1175 1999 eo

255 2074 315 2143 quo
329 2060 428 2138 potest
443 2045 598 2130 perspici,
617 2047 728 2130 poriot
744 2064 804 2106 non
829 2043 1001 2108 simulacra
1019 2045 1174 2122 uirtutis,

254 2172 365 2257 quippe
395 2183 454 2226 non
488 2159 710 2238 simulacrum,
742 2157 797 2224 sed
821 2177 937 2235 tera,
971 2160 1081 2244 quippe
1115 2177 1177 2246 oe·

252 2305 341 2353 rum
363 2279 549 2366 ampiexus?
574 2271 637 2358 Qui
663 2289 766 2339 autem
791 2275 939 2337 uirtutem
969 2276 1089 2358 peperit
1116 2294 1178 2342 ‘tc-

218 2400 220 2404 '
254 2420 339 2470 ram
370 2408 557 2481 pattampue
583 2390 690 2468 oluit,
720 2391 794 2453 huic
824 2407 898 2451 sanc
928 2393 1105 2473 continget,
1137 2409 1175 2471 u,

252 2516 320 2584 Deo
339 2514 381 2578 sit
404 2526 520 2584 corus,
543 2517 573 2568 et
590 2506 617 2568 si
634 2507 704 2586 quis
732 2503 815 2567 alius
840 2502 1019 2584 hominum,
1048 2506 1176 2570 immor·

193 2620 197 2629 ’
250 2629 325 2696 toiis
348 2619 408 2686 (t).

288 2855 329 2927 (ι)
352 2856 443 2921 Symp·
462 2866 512 2905 210
531 2848 568 2901 D.
585 2872 621 2895 ι-
641 2863 699 2900 ute·
720 2847 754 2898 A.
