2896 5168
648 478 817 543 ..39-

264 647 328 714 eim
346 646 488 731 ipseper
509 661 539 707 se
558 641 594 707 in
617 643 720 707 ardano
747 653 851 708 nostro
876 643 1013 727 haheat,
1038 645 1193 749 inquirere

262 760 376 833 velim..
400 757 637 844 Quamobrem,
657 756 750 841 quod
763 757 815 824 ille
831 760 988 842 neglexit,
1002 777 1061 847 ego
1070 761 1190 827 faciam.
1294 845 1295 848 Ἴ
1342 744 1345 750 ’

260 875 437 946 Renovabo
455 873 597 977 equidem
616 872 842 957 Thrasymathi
861 877 1055 957 orationem,
1078 891 1110 945 et
1129 878 1193 961 pri·

259 1011 345 1061 mum
373 991 497 1075 dicum
530 992 652 1072 qualem
684 1009 754 1056 esse
778 978 933 1076 justitiam
963 991 1066 1059 dicant
1098 1009 1192 1076 atque
1265 1048 1268 1057 .

257 1111 341 1179 unde
360 1123 523 1179 exortam:
541 1108 672 1188 deinde,
693 1125 824 1189 omnes,
843 1107 1189 1195 quicunquejustitiam

256 1229 389 1310 colunt,
411 1227 530 1320 invitos
549 1225 780 1308 quodammodo
797 1243 865 1290 eam
892 1225 1008 1308 sequi,
1034 1241 1191 1311 tunquam

255 1367 321 1416 rem
336 1343 562 1424 necessariam,
584 1360 651 1410 non
671 1362 746 1409 vero
772 1343 905 1409 bonam:
929 1343 1043 1423 tertio,
1077 1342 1188 1410 merito

255 1440 311 1533 eos
331 1462 379 1531 sie
398 1480 509 1547 egeret
553 1463 654 1526 multo
675 1460 757 1528 enim
780 1459 938 1533 meliorem
960 1461 1069 1547 injusti
1094 1464 1190 1528 vitam

254 1582 338 1663 esse,
356 1597 447 1663 quam
463 1577 564 1663 justi,
583 1590 619 1642 ut
636 1577 773 1643 tradunt.
791 1603 794 1609 Α
819 1576 905 1642 Haec
917 1576 1058 1644 Glaucus
1081 1597 1190 1662 quam·
1250 1564 1252 1571 '

255 1716 350 1780 quum
378 1711 444 1761 non
474 1693 544 1757 sine
580 1690 767 1758 verecundia
802 1706 834 1756 et
867 1692 988 1775 pudore
1018 1711 1190 1778 generosus

180 1833 183 1840 ’
255 1814 437 1883 adolescens
456 1827 494 1876 eo
515 1807 644 1879 accedit.
673 1853 675 1856 -
710 1807 796 1875 Mihi
818 1802 965 1891 quidem,
987 1809 1189 1890 osonum,

254 1931 318 2014 ait,
345 1940 413 1996 non
431 1928 474 1992 ita
497 1924 641 2008 videtur3
673 1939 873 1991 veruntamen
895 1924 1009 1993 dubito
1029 1926 1187 2005 subinde,

253 2047 371 2132 qnippe
407 2029 578 2111 obtundo'r,
611 2038 753 2126 quotidie
777 2042 928 2128 auribus,
958 2031 1190 2133 Thrasymach'l

252 2163 447 2244 eliorumque
466 2176 627 2227 sermones
653 2158 804 2246 audiens3
832 2162 1002 2226 orationem
1030 2179 1105 2227 vero
1127 2181 1186 2245 pro

253 2280 323 2365 ipsa
339 2276 482 2365 justitia,
499 2277 657 2343 meliorem
675 2294 761 2357 mm,
785 2294 878 2359 qnam
894 2276 1077 2364 injustitiam
1095 2297 1184 2360 esse,

251 2414 292 2465 ex
312 2395 400 2462 nullo
423 2392 523 2459 adhuc
545 2393 673 2476 audivi,
700 2407 736 2458 ut
757 2411 926 2480 cuperem3
954 2414 1101 2479 cuperem
1131 2414 1185 2462 au·

252 2529 315 2581 mm
337 2511 436 2597 ipsam
457 2528 566 2594 perse
590 2507 690 2593 ipsam
719 2511 869 2578 laudatam
894 2487 1023 2579 audires
1050 2489 1182 2577 maxime

249 2648 326 2698 vero
344 2646 381 2696 ex
403 2642 435 2694 te
455 2626 515 2692 hoc
536 2645 585 2691 me
605 2625 739 2694 arbitror
758 2627 950 2696 auditurum.
982 2627 1184 2714 Quapropter
1272 2697 1273 2702 ,

248 2748 349 2815 ὤρετο
373 2744 489 2826 latius,
515 2742 660 2828 injustam
689 2745 783 2809 vitum
809 2745 959 2810 lauduuo:
988 2745 1182 2828 dicendoque

253 2863 411 2929 ostendam
427 2859 515 2938 tibi,
536 2876 673 2940 quonam
693 2859 825 2923 maxime
841 2859 936 2924 modo
958 2859 1063 2926 audire
1079 2875 1111 2925 te
1130 2881 1183 2927 ve·

251 2976 327 3058 lim,
347 2976 575 3059 vituperantem
591 2973 797 3058 injustitiam,
818 2974 970 3059 justitiam
988 2976 1178 3043 laudantem:
1310 3051 1312 3055 y

133 3177 141 3183 ι
251 3094 307 3159 sed
324 3091 418 3172 vide,
440 3108 515 3157 num
537 3090 599 3156 hoe
621 3089 678 3156 tibi
696 3092 826 3172 placeat.
845 3090 889 3162 (¹)
953 3095 1005 3162 Ad
1027 3096 1101 3161 haec
1120 3095 1212 3162 So»

250 3226 371 3291 crates,
412 3206 581 3287 maxime,
602 3207 725 3290 inquit,
771 3209 931 3277 omnium:
987 3214 1116 3294 quade
1148 3232 1183 3277 re

251 3326 335 3396 enim
365 3325 437 3408 quis
463 3326 588 3407 sapiens
613 3322 737 3408 saepius
761 3343 832 3394 cum
860 3327 963 3393 dicere
981 3341 1055 3393 tum
1076 3329 1200 3396 audire*

251 3444 354 3513 veliti
419 3442 504 3530 Tum
524 3441 672 3524 Glauco,
707 3444 881 3525 praeclare,
913 3444 1036 3525 inquit,
1072 3446 1183 3526 loque.

252 3565 316 3629 ris:
345 3560 432 3643 quod
458 3573 560 3624 sutem
591 3561 725 3645 primum
752 3559 791 3624 de
817 3561 878 3626 hoc
904 3553 1005 3625 dlcere'
1020 3560 1184 3642 pollicitus

253 3697 345 3760 uum,
363 3679 425 3762 jam
444 3675 516 3742 audi
535 3679 625 3758 quale
641 3677 674 3742 id
693 3676 758 3756 sit,
784 3690 817 3741 et
838 3676 921 3741 unde
941 3675 982 3741 sit
1005 3691 1072 3742 orta
1090 3679 1183 3760 justi·

249 3796 305 3863 tia.
338 3795 459 3866 Natura
478 3790 587 3860 dicunt
607 3793 748 3876 iniuriam
767 3791 868 3858 facere
883 3790 1001 3859 bonnm
1022 3813 1112 3877 esse,
1133 3794 1182 3859 in-

1015 3978 1017 3983 .
1074 3966 1077 3971 a
1134 3930 1183 3995 pu·

289 4062 331 4133 (1)
349 4064 393 4116 De
410 4064 483 4136 Ιζφ.μ
500 4060 541 4113 11.
558 4058 620 4114 55&
636 4059 667 4113 ll.
686 4058 719 4114 C.
735 4059 784 4112 De
853 4090 855 4094 »
916 4073 919 4077 ·
