2896 5168
626 450 799 514 ..ψ-

249 635 314 687 non
341 630 409 684 'esse
428 615 587 686 ridemur.
632 611 801 679 Cernimus
827 621 950 686 autem,
973 624 1037 673 non
1060 619 1179 675 tuntum

250 739 328 802 banc
355 734 526 801 doctrinam
553 750 625 796 cum
652 731 741 813 justo
772 726 1009 814 disciplinarum
1036 723 1182 805 proposi·

248 851 492 929 meorumue,
514 863 648 929 quarum
669 858 736 918 est,
759 859 795 909 ut
816 844 854 908 ud
874 860 977 908 rerum
999 837 1180 919 seientiam,

249 971 288 1036 ad
313 974 356 1038 ric
385 967 457 1035 iura
486 980 547 1026 nos
580 960 732 1040 educant3
776 960 832 1024 sed
858 958 987 1024 eandem
1015 955 1107 1023 etiam
1142 957 1180 1022 ad

249 1100 337 1150 acics
364 1096 447 1145 recte
472 1078 644 1151 tractandas
667 1075 759 1142 unice
782 1093 852 1141 esse
880 1089 982 1159 aptam
1006 1088 1038 1141 et
1059 1092 1183 1139 accom-

251 1197 418 1263 modatam.
462 1193 625 1260 Ciceronis
651 1195 691 1260 de
711 1192 838 1260 Phidiae
863 1192 962 1277 signis
993 1192 1180 1260 sententiam

253 1332 350 1397 supra
370 1310 596 1395 apposuimus,
630 1310 688 1375 ubi
721 1311 761 1376 de
787 1309 907 1376 artibus
934 1310 1101 1394 agebamus
1123 1307 1181 1392 (ὓ,

251 1432 307 1497 sed
339 1445 376 1496 ut
406 1447 480 1496 vere
508 1442 557 1495 est
590 1428 749 1496 Platonica
782 1446 817 1493 ac
850 1426 990 1494 Platonis
1028 1426 1068 1494 de
1102 1425 1181 1493 ideis

250 1546 422 1613 doctrinam
451 1548 544 1630 plane
570 1545 738 1629 exprimit,
760 1546 813 1609 bic
841 1563 907 1611 eam
933 1545 1038 1613 denuo
1069 1545 1185 1612 descri-

252 1664 327 1729 bere
345 1664 456 1747 juvat.-
492 1660 555 1728 Sed
576 1682 629 1746 ego
654 1667 698 1727 sic
718 1676 845 1739 statuo,
879 1661 962 1725 mihil
980 1680 1042 1727 csse
1063 1663 1099 1725 irr
1118 1659 1183 1727 ulla
1292 1690 1295 1701 ·

251 1801 365 1866 gencrc
398 1796 465 1847 rum
495 1780 666 1867 pulcrum,
708 1799 768 1864 quo
798 1798 859 1843 non
884 1778 1029 1865 pulcrius
1054 1775 1093 1842 id
1118 1780 1185 1860 rit,

252 1894 333 1961 unde
355 1895 439 1962 illud
448 1942 460 1977 ,
483 1911 520 1962 ut
540 1918 580 1961 cx
609 1917 662 1962 orc
689 1896 820 1980 aliquo,
842 1898 934 1981 quasi
959 1897 1062 1980 imago
1080 1897 1187 1982 caepri·

252 2024 388 2087 matur,
429 2008 513 2094 quod
540 2032 636 2097 ncquc
666 2012 759 2075 oculis
793 2031 890 2096 ncpuc
920 2010 1052 2077 auribus
1088 2031 1185 2098 nequo

254 2125 317 2192 ullo
346 2147 435 2193 scrrsu
466 2130 589 2214 percipi
623 2142 743 2213 potest:
781 2130 966 2211 cogitatione
996 2143 1121 2194 tantum
1154 2144 1187 2196 cr

253 2259 353 2309 mcntc
373 2244 615 2326 complectimur.
658 2241 771 2318 Iraque
791 2259 821 2307 cr
836 2242 970 2327 Phidiac
987 2244 1186 2326 simulacris,

253 2360 364 2445 quibus
394 2357 477 2421 rrilril
499 2359 535 2420 iri
562 2356 616 2421 illo
640 2375 754 2440 gencrc
783 2356 954 2443 pcrfccriur
989 2358 1126 2426 ridemur
1154 2375 1186 2426 er

253 2477 474 2563 impictatis,
505 2493 584 2556 quar
616 2472 800 2552 nominari,
831 2474 972 2554 cogitare
994 2488 1100 2541 ramur
1116 2493 1188 2566 por·

253 2612 357 2659 rrimus
377 2591 553 2678 pulcrioru.
600 2587 670 2654 Nec
692 2608 764 2655 acro
791 2590 847 2655 ille
866 2591 1014 2671 artifici,
1035 2613 1105 2657 cum
1121 2595 1185 2679 fa·

256 2724 340 2775 curri
365 2708 456 2795 Jovis
474 2708 618 2793 formam
649 2722 707 2772 aut
739 2707 931 2788 Minuitur,
962 2711 1190 2798 contemplaba-

255 2843 312 2893 tur
341 2827 500 2910 aliquem,
546 2845 562 2887 c
591 2845 650 2909 quo
677 2824 912 2890 similitudimem
944 2826 1093 2911 duccrct;
1133 2828 1189 2895 sed

255 2948 350 3031 ipsius
379 2947 413 3006 in
437 2957 536 3007 mento
561 2938 715 3005 insidebat
741 2944 851 3027 specics
872 2944 1094 3024 pulcritudinis
1121 2950 1186 3011 cxi·

256 3065 322 3125 mia
344 3056 523 3143 quaedam,
552 3074 647 3140 priam
676 3057 821 3138 incurris,
849 3060 885 3120 in
914 3078 1011 3143 cuquc
1039 3058 1184 3145 defixus,

255 3175 302 3242 ad
327 3176 412 3239 illius
441 3169 673 3238 similitudinem
711 3186 813 3237 artem
846 3188 876 3239 cr
906 3196 1032 3239 murrum
1068 3175 1187 3263 dirigu-

255 3294 310 3359 but
331 3290 375 3357 (²).
427 3289 523 3376 Quod
556 3304 641 3355 reete
669 3288 749 3354 idem
772 3288 804 3353 in
828 3293 1035 3373 eloquentiam
1065 3294 1187 3378 perseo.

257 3421 319 3472 tsm
347 3407 485 3473 adhibet.
539 3407 585 3472 Ur
611 3410 716 3492 igitur
742 3409 778 3470 in
801 3406 915 3484 formis
941 3425 972 3475 ct
993 3407 1111 3496 figuris
1141 3431 1188 3483 cst

257 3522 383 3608 aliquid
400 3522 575 3609 perfectum
597 3536 628 3586 cr
652 3522 823 3604 excellcms3
844 3524 932 3607 cujus
953 3524 1000 3591 ad
1015 3533 1186 3615 cogitaram

256 3642 381 3727 speciem
410 3633 563 3702 imitando
591 3639 779 3716 referuntur
810 3660 871 3719 ea,
901 3663 982 3725 quac
1003 3645 1060 3710 sub
1088 3649 1188 3730 oculor

257 3760 326 3845 ipsa
349 3755 491 3822 carlum:
510 3754 554 3819 ric
577 3754 735 3840 pcrsccrac
752 3757 943 3842 eloquentiae
970 3763 1095 3846 spcclcm
1117 3767 1188 3832 arri·

1138 3899 1186 3948 md

293 3968 334 4082 ir)
353 4007 419 4063 Vol.
436 4007 461 4062 1.
478 4023 506 4074 p·
526 4008 584 4062 161.
621 4006 661 4079 (a)
683 4005 742 4061 Cic.
759 4005 837 4061 ont.
855 4025 878 4061 c·
895 4029 921 4067 a·
984 4062 988 4070 .
