2896 5168
619 536 816 598 ...27-

253 706 355 765 rtrum
379 699 489 766 ardore
511 696 742 767 incalescerent.
784 699 886 784 Quam
908 699 1083 769 socraticae
1106 702 1177 785 phi·

253 815 415 899 losophiae
441 814 590 881 rationem
617 829 651 883 et
676 829 804 884 secutus
833 816 1062 887 Socraticorum
1088 820 1176 902 prin·

253 950 329 1017 ceps
357 932 444 999 Plato
473 946 521 997 est
544 944 583 996 et·
608 930 750 1014 perfecit.
794 932 870 1019 Quo
894 938 996 1018 patuit
1021 936 1173 1019 maxime,

253 1069 319 1116 non
350 1049 497 1116 humilem
534 1048 687 1133 quandam
725 1051 849 1133 fuisse,
894 1070 986 1134 quam
1030 1052 1173 1120 Socrates

253 1167 542 1249 commendauerat,
565 1167 747 1252 philosophi
774 1169 975 1252 modestiam,
1004 1185 1039 1236 ut
1062 1173 1176 1238 retine-

252 1303 356 1352 remur
387 1303 406 1349 a
432 1284 526 1350 r'ebus
554 1283 735 1366 expetendis
765 1286 947 1370 majoribus.
1003 1287 1085 1352 Nam
1103 1306 1175 1356 cum

248 1403 338 1470 Plato
377 1398 566 1484 perfectioni
606 1409 734 1465 nostrae
775 1403 885 1467 morali
922 1403 1047 1485 ipsique
1077 1406 1177 1470 scien·

249 1516 313 1585 tiae
344 1517 448 1583 nullos
478 1516 624 1584 terminos
658 1531 812 1599 poneret,
841 1520 1093 1601 progressionem
1121 1523 1179 1587 ho·
1294 1515 1296 1521 ’

251 1632 328 1703 mini
345 1633 384 1697 ad
403 1649 524 1698 summa
548 1632 649 1696 omnia
668 1629 821 1698 infinitam
843 1633 1010 1699 tribuebat.
1054 1636 1181 1722 Quodsi

251 1747 380 1819 scientia
400 1748 579 1830 quaeritur,
607 1747 768 1832 adjiciebat
797 1747 878 1815 idem
901 1747 1087 1815 sublimibus
1117 1753 1181 1816 his·

250 1884 289 1933 ce
306 1863 448 1950 placitis,
470 1880 506 1931 ut
523 1864 617 1931 modo
636 1864 835 1948 monuimus,
857 1865 1070 1947 dialecticam,
1094 1885 1181 1951 qua,

251 1996 408 2063 umquam
443 1982 651 2068 instrumento
686 1979 932 2066 philosophiae,
971 1997 1077 2065 aptum
1111 1984 1180 2049 red-

253 2099 340 2168 deret
364 2098 548 2177 hominem,
582 2114 618 2162 ut
646 2098 678 2162 in
709 2112 806 2164 semet
836 2098 908 2181 ipso
937 2101 1183 2183 cognoscendo,
1246 2142 1251 2149 -

251 2216 285 2287 in
324 2234 427 2283 rerum
466 2213 668 2280 universitate
705 2214 917 2297 exploranda,
957 2214 990 2278 in
1020 2216 1185 2296 exploran-

251 2333 292 2401 da
321 2334 398 2401 adeo
427 2331 667 2397 divinanarum
695 2329 727 2396 in
752 2327 907 2394 infinitum
930 2331 1112 2413 procederet
1124 2332 1179 2395 (ι).

252 2451 389 2519 Tantum
410 2448 497 2514 abest
518 2447 631 2534 igitur,
665 2461 702 2512 ut
732 2460 851 2513 avertat
874 2464 933 2511 nos
963 2466 980 2511 a
1007 2465 1108 2515 rerum
1132 2466 1185 2512 cx·

253 2565 470 2650 quirendamm
490 2564 595 2630 studio
613 2563 814 2646 philosophia
829 2563 986 2642 Platonis,
1008 2579 1043 2630 ut
1060 2563 1201 2630 modes.

252 2663 297 2749 tia
311 2680 396 2765 apud
416 2698 486 2744 eum
502 2678 635 2762 germani
653 2679 925 2761 philosophicum
945 2697 1040 2746 sensu
1054 2679 1183 2747 faculta-

252 2796 294 2864 tis
315 2799 475 2886 eujusdam
492 2796 657 2862 immensae
673 2796 939 2877 maximarumque
959 2814 1059 2861 rerum
1077 2798 1184 2863 studio

252 2915 418 2998 conjuncta
438 2914 492 2976 sit.
536 2910 714 2977 Modestiae
734 2913 851 2977 scilicet
873 2899 951 2977 fines
970 2913 1100 2994 migrare
1119 2932 1185 2979 non

253 3047 323 3095 eum
341 3040 471 3107 censet,
494 3025 549 3107 qui
567 3025 682 3110 majora
699 3042 889 3109 cognoscere
898 3044 933 3090 ac
945 3025 1115 3092 difficiliora
1131 3048 1188 3092 cu·

252 3145 323 3232 pit,
333 3145 388 3212 sod
403 3142 488 3209 illum
503 3141 640 3223 scilicet,
655 3141 709 3222 qui
721 3141 806 3224 quod
818 3141 921 3207 nescit
931 3141 1010 3207 scire
1021 3143 1082 3207 sibi
1100 3143 1187 3208 vide·

254 3276 328 3343 tur,
341 3261 506 3342 vel-prope
528 3276 562 3323 se
582 3254 752 3322 accessisse
771 3256 810 3322 ad
830 3255 880 3320 illa
900 3269 990 3338 putat
1007 3301 1018 3335 ,
1036 3255 1185 3336 aquibus

254 3374 428 3443 etiamnum
452 3373 571 3459 ingenti
593 3372 755 3441 intervallo
777 3367 876 3437 abest.
920 3371 1027 3458 ,Quod
1053 3371 1187 3438 animad-

1114 3509 1183 3555 vcr-

196 3682 199 3690 V
291 3706 334 3793 (a)
353 3703 464 3760 nubem
487 3704 534 3758 hio
556 3718 661 3772 appono
681 3700 844 3770 praeclaram
862 3697 1057 3751 Hematerhasii
1079 3705 1189 3751 senten-

256 3806 340 3873 Μ,
360 3804 393 3857 sd
410 3803 603 3873 explicandum
625 3801 763 3853 Platonem
784 3799 860 3852 amieo
881 3798 1022 3850 efficacem.
1093 3797 1124 3847 Ii
1148 3802 1191 3847 eet

259 3904 349 3971 deit,
368 3922 423 3978 pass
448 3903 534 3958 l’m
556 3902 666 3964 desire,
691 3919 749 3971 par
767 3917 803 3955 so
828 3907 948 3961 naute,
975 3915 1029 3953 uuo
1052 3894 1190 3966 approxi-

257 4005 367 4061 mr'om
396 4001 574 4054 continuelle·
630 3999 720 4052 O'est
753 3996 973 4066 l'lsyperbole
1006 4013 1090 4048 avec
1125 4011 1188 4045 sort

260 4088 475 4176 Νηρηίσι
508 4100 626 4154 Oretum
639 4098 715 4169 phil.
734 4093 799 4150 vot.
813 4094 931 4165 1212·OE

673 4199 741 4269 rs
