2896 5168
609 489 800 556 -134-

251 673 311 735 qua
331 653 470 735 dixerat,
493 670 558 720 eam
575 669 643 719 esse
659 670 725 717 vrent
741 651 872 735 populi:
895 653 1046 736 populum
1067 667 1169 722 tutem

251 789 314 851 troo
334 789 454 836 omnem
476 785 598 835 coetum
618 767 849 849 multitudinis,
872 767 928 834 sed
948 783 1074 836 coetum
1090 772 1170 857 juris

250 903 406 952 consensu
434 900 466 953 et
492 885 634 953 utilitatis
662 885 882 951 communione
903 885 1057 953 sociatum
1078 906 1170 969 esse,

252 1003 431 1069 determinat
440 999 532 1071 ’'ltl.
574 1002 611 1068 In
638 1021 698 1082 qut
730 1001 940 1084 disputatione
971 1004 1085 1071 Cicero
1107 1022 1173 1072 non

252 1121 360 1203 justo,
384 1119 505 1197 fetent,
527 1120 633 1183 ordine
648 1117 730 1198 egit3
753 1134 824 1183 uam
839 1118 990 1185 adsumsit
1004 1119 1044 1185 ab
1063 1119 1176 1203 initio,

220 1233 223 1239 ’
257 1236 343 1317 quod
372 1235 442 1323 hoc
460 1233 581 1299 demum
607 1232 690 1297 libro
717 1235 810 1300 tertio
840 1234 970 1316 exponit
996 1254 1032 1301 ac
1050 1238 1179 1303 demon·
1272 1314 1279 1325 ,

257 1366 357 1440 stret,
386 1349 524 1434 cuique,
552 1363 707 1430 tamquam
724 1349 917 1432 hypothesi,
946 1363 1043 1416 totam
1063 1351 1180 1418 doctri·

255 1444 325 1541 nam
346 1469 435 1551 quasi
451 1465 716 1549 intedihceverat,
737 1465 816 1533 illud
835 1464 922 1532 dicut
947 1466 1177 1555 rempublicam

257 1606 319 1662 esst
335 1603 401 1650 rem
417 1584 525 1671 popuii
534 1607 549 1668 ;
574 1583 720 1671 populum
750 1597 855 1652 autem
871 1597 988 1650 coetum
1005 1579 1181 1650 multitudi-

259 1706 307 1773 nis
327 1703 416 1787 juris
441 1720 584 1770 consensu
605 1715 636 1769 tt
666 1701 817 1767 utilitatis
845 1703 1053 1767 communione
1083 1704 1180 1767 socia-

259 1834 325 1887 tum
339 1818 395 1890 (²).
440 1818 512 1885 Hoc
536 1834 620 1884 nunc
649 1816 771 1883 demum
805 1815 980 1902 ejustitite
1000 1820 1109 1885 maturi
1128 1834 1184 1884 ex·

261 1937 368 2021 plicat.
416 1935 532 2017 npnus
559 1935 671 2016 Plato,
701 1933 758 2014 qui
788 1933 827 1999 ab
854 1932 969 2000 Ethicc
991 1935 1104 2014 ot'sns,
1137 1931 1183 1999 sic

263 2052 325 2127 sibi
353 2051 498 2117 facillime
520 2051 559 2118 ad
584 2048 742 2117 Politicam
763 2048 843 2114 viam
864 2050 986 2116 stravit.
1030 2050 1184 2118 Verunta-

265 2185 335 2234 men
354 2180 439 2249 potet
458 2166 551 2230 nobis
569 2164 664 2242 inde,
687 2162 871 2231 Ciceronem
890 2183 957 2231 non
971 2166 1072 2242 solum
1094 2166 1187 2232 Ethi-

258 2300 330 2365 ¹pam
348 2281 380 2347 in
401 2282 545 2347 tradendi
564 2279 696 2347 Politicl
728 2297 793 2344 non
815 2282 1009 2363 neglexisse,
1039 2284 1094 2348 secl
1122 2301 1189 2366 grn-

266 2398 428 2465 vissimum
456 2397 549 2462 huno
566 2396 605 2462 de
625 2396 747 2479 justitia
773 2397 879 2464 locum
899 2397 971 2465 fuse
990 2398 1192 2482 diligentissi-

157 2511 159 2514 ’
268 2533 380 2597 meque
395 2525 552 2578 tractasse.
596 2512 670 2596 Quo
700 2514 796 2596 magis
821 2530 870 2582 est
895 2532 968 2580 sane
987 2517 1193 2597 qnoddolen·

272 2649 362 2711 utus,
384 2626 483 2696 Laelii
499 2627 577 2693 hanc
593 2648 651 2712 pro
664 2629 784 2713 justitia
801 2630 971 2696 orationem
988 2631 1190 2707 intercidisse.

271 2748 373 2828 Nem,
409 2761 444 2811 ut
470 2745 547 2811 effici
575 2764 592 2811 e
622 2745 769 2822 Veterum
792 2744 978 2813 testimoniis
999 2761 1129 2830 potest,
1158 2749 1191 2814 in

273 2867 334 2931 hoc
364 2863 521 2930 tractando
539 2879 721 2945 argumento
741 2877 838 2928 semet
856 2862 924 2945 ipse
942 2881 1104 2947 superesse
1125 2883 1194 2931 orn·

273 2995 376 3049 torum
396 2980 481 3064 apud
500 2979 661 3046 Romanos
681 2978 827 3062 princeps
847 2980 983 3048 videtur.

317 3094 414 3179 Quod
434 3110 535 3161 tutem
559 3093 695 3162 Platonis
712 3093 822 3160 attinet
841 3093 1027 3174 consilium,
1061 3108 1096 3159 ut
1113 3113 1194 3179 opus

278 3209 371 3287 ethici
397 3208 593 3292 argumenti,
623 3209 813 3294 proprieque
829 3212 894 3295 περὶ
915 3217 968 3280 τοῦ
989 3214 1099 3282 linoloo
1118 3213 1197 3278 scri·

277 3324 388 3406 heret,
407 3340 525 3392 tantum
542 3325 650 3406 abest,
677 3340 713 3391 ut
733 3328 781 3390 vel
804 3325 962 3392 Politicam
984 3345 1050 3393 non
1068 3328 1201 3412 attinge-

280 3457 352 3523 ret,
383 3441 432 3506 vel
460 3442 658 3507 solummodo
685 3441 724 3505 ad
756 3439 900 3506 Ethicam
920 3443 1126 3525 explicandam
1147 3444 1199 3509 ad·

280 3560 423 3635 hiberet,
456 3571 491 3622 ut
516 3556 679 3623 verissime
702 3555 744 3621 ite
764 3572 893 3640 poneret
914 3563 1071 3642 germanie
1090 3557 1202 3627 Politi-

281 3695 333 3765 pue
354 3674 563 3741 fundamenta.

1148 3787 1204 3856 Dc

322 4036 362 4125 (l)
384 4037 496 4132 eques
511 4037 544 4088 n
561 4037 612 4089 cu.
624 4034 688 4091 ner.
707 4038 799 4106 iuss.
843 4041 885 4112 (ι)
903 4040 1023 4109 venep.
1041 4038 1065 4094 r.
1077 4038 1118 4096 ss.
