2896 5168
694 522 891 584 -224·‘·

332 680 367 752 ἐι
388 660 579 772 perhibens,
600 704 679 768 quae
708 705 795 752 mens
825 694 881 769 per
907 703 943 751 se
967 686 1053 768 ipsa,
1075 683 1169 754 osuio
1197 691 1259 758 iiio

329 810 391 870 suo
409 820 646 888 assequeretur,
667 823 732 869 non
750 803 880 871 babebat
895 820 1101 889 magnopere,
1121 821 1179 872 cur
1195 808 1263 873 teri

328 920 458 987 minaret
476 921 633 988 scientiam
654 935 805 988 nostram.
860 921 965 987 Kantii
986 921 1119 987 insulam
1139 939 1260 988 merno-

328 1037 463 1109 ravimus
493 1038 524 1101 in
557 1038 813 1120 praecedentibus
834 1038 895 1104 (ι).
958 1040 1046 1105 Duas
1080 1014 1258 1107 ilie-menti

324 1151 465 1232 formas,
499 1168 623 1237 tempus
659 1171 691 1221 et
724 1156 884 1239 spatium,
916 1154 1053 1238 itemque
1084 1157 1256 1241 categorias

326 1269 450 1337 tribuit.
502 1271 568 1338 Res
589 1269 862 1370 omnes‚.ajebat,
884 1288 962 1349 quas
982 1290 1041 1350 per
1059 1273 1128 1337 illas
1153 1274 1257 1356 perci·

326 1387 375 1469 pit
401 1405 508 1465 mens,
529 1397 669 1450 acetrrate
692 1399 883 1463 cognoscere
912 1382 1032 1456 homini
1055 1384 1139 1449 licet·
1189 1392 1254 1456 Sed

326 1502 427 1577 idem,
457 1498 485 1561 si
506 1496 583 1562 fines
610 1497 672 1561 bos
694 1496 885 1581 cognitionis
913 1497 1062 1567 humanae
1093 1500 1251 1586 migrans,

323 1610 432 1678 aelicta
462 1613 517 1676 bac
540 1612 639 1678 veluti
669 1613 771 1679 insula
801 1619 934 1694 nostri,
955 1613 1016 1680 alio
1037 1616 1113 1681 velit
1139 1636 1250 1700 proce·

276 1812 279 1816 .
322 1730 420 1810 dere,
450 1747 490 1795 ne
525 1730 558 1795 in
598 1732 658 1796 boc
691 1729 921 1814 metaphysicae
957 1731 1094 1814 vulgaris
1133 1751 1253 1801 oceano

321 1844 516 1932 caufagium
544 1846 661 1928 faciat,
698 1847 867 1912 verendum
894 1862 955 1914 est.
1021 1847 1107 1934 Quid
1131 1849 1171 1916 de
1195 1852 1252 1918 hac

322 1963 430 2029 Kantii
460 1964 602 2031 doctrina
636 1963 835 2030 statuendum
870 1964 946 2045 ait,¹
969 1963 1022 2029 alii
1051 1964 1249 2048 judicabunt.

225 2127 228 2134 ,
322 2062 411 2148 nuto
441 2071 582 2144 nondum
611 2081 680 2145 data
702 2067 797 2163 opera
825 2079 1018 2160 quaesivisse
1044 2080 1084 2147 de
1109 2095 1251 2168 tempore

322 2210 355 2264 et
378 2197 481 2279 spatio
504 2196 651 2278 videtur,
685 2197 771 2277 quod
797 2195 872 2261 fecit
891 2196 1149 2265 Aristoteles(²).
1213 2200 1248 2266 si

307 2299 549 2394 quaesivisset,
571 2311 716 2377 notiones
746 2311 819 2377 haec
846 2311 958 2377 mentis
986 2330 1056 2379 este
1083 2312 1246 2397 reperisset

321 2428 427 2509 forte,
460 2448 538 2510 quas
570 2429 725 2493 cernendo
765 2424 984 2509 consequitur.
1060 2431 1143 2497 Cum
1168 2446 1245 2495 vero

322 2532 430 2613 barum
462 2544 620 2610 -litnitibus
657 2542 826 2609 formarum
857 2560 922 2610 nou
952 2545 1113 2613 cohiberet
1139 2545 1247 2630 cogni»

320 2662 439 2728 monem
461 2643 624 2740 nostram,
653 2661 745 2726 talem
772 2660 865 2727 nobis
890 2661 1023 2728 insulam
1051 2661 1166 2727 talibus
1195 2663 1250 2726 de·

323 2779 440 2844 finitam
462 2777 600 2841 teininis
621 2795 685 2841 non
708 2778 883 2860 designavit
893 2777 952 2846 (ε).
994 2780 1156 2846 Caeterum
1173 2795 1246 2849 sem·

316 2902 378 2961 'sus
405 2894 488 2976 apud
514 2911 606 2973 eum,
631 2891 751 2974 fateor,
782 2895 1002 2979 impedimenta
1034 2907 1109 2960 suut
1135 2893 1245 2978 cogni·

319 3011 419 3078 tionis
439 3025 584 3091 nostrae3
607 3028 808 3078 veruntamen
834 3031 900 3079 non
917 3013 988 3079 talia
1008 3013 1068 3078 hos
1093 3027 1165 3078 esse
1188 3009 1246 3078 im·

314 3129 496 3216 pedimentis
515 3143 646 3207 censet,
669 3131 770 3210 qualia
801 3148 865 3195 non
893 3146 1041 3211 superare
1070 3127 1243 3210 possimus.

313 3246 387 3313 Imo
417 3263 493 3311 vero
518 3243 617 3308 hoc
609 3261 641 3308 m
670 3243 779 3326 primis
802 3242 970 3327 proposito
1001 3240 1165 3326 imaginem
1186 3258 1244 3306 no·

1194 3355 1245 3422 bis

353 3556 648 3653 (1)V..auprap.rrq.
736 3566 776 3638 (a)
796 3563 857 3636 mai
879 3561 995 3632 cisoa,
1008 3580 1099 3617 rerum
1117 3561 1244 3654 mummia

311 3658 507 3733 physicarum
519 3666 622 3718 ratione
651 3663 759 3734 habita,
794 3666 824 3716 iu
848 3642 1242 3730 Auscultat0Pltya.la·1V·

317 3791 345 3829 o
363 3771 436 3826 ι-δ.
454 3772 515 3842 περὶ
537 3791 639 3844 χρονου
658 3772 760 3826 come.
775 3791 813 3831 ιο.
907 3774 950 3843 (5)
936 3771 1079 3839 P)lauius
1098 3770 1244 3824 nobisne-¹

305 3861 392 3926 'mum
415 3887 568 3939 comparare
590 3886 651 3924 curn
678 3864 814 3925 Platonici
837 3868 1010 3940 philosophi!
1032 3869 1190 3923 nnuman
1204 3867 1243 3917 li-

305 3966 409 4033 ubis,
444 3970 510 4032 ubi,
539 3971 567 4023 'tn
589 3968 761 4038 pbilosophis
776 3970 860 4038 justi,
888 3971 1020 4022 veritaris
1045 3975 1074 4021 ei
1099 3966 1241 4022 oberrem

314 4042 385 4137 apud
412 4048 553 4117 Prasmon
575 4050 807 4120 messeanam·
831 4066 1069 4134 npioreyerinu·
