2896 5168
612 517 808 581 -„,..

248 701 266 746 a
293 680 419 745 meliore
447 682 485 746 ad
515 682 651 763 pejorem
685 680 895 744 conditionem
925 683 1008 761 agit:
1048 679 1174 760 respicit

249 800 347 883 igitur
368 797 489 864 Atticae
511 784 634 879 quidem
658 796 845 881 reipublicae
864 795 1100 878 democratiam,
1122 813 1175 862 uc·

250 936 318 982 rum
351 920 387 983 ei
418 915 547 980 maxime
575 915 777 995 conditione,
808 935 870 997 qua
895 920 952 979 sul
978 927 1042 979 crat
1062 926 1174 979 aetate.

248 1033 346 1117 Quod
375 1033 429 1098 ubi
459 1033 702 1115 attenderimus,
734 1033 882 1114 quadrare
911 1032 1004 1096 nobis
1030 1033 1103 1096 haec
1126 1033 1179 1097 de-

250 1150 410 1217 mocratici
437 1151 559 1235 imperii
584 1151 755 1234 descriptio
786 1150 819 1215 in
848 1150 989 1216 civitates
1018 1167 1126 1214 omnes
1147 1165 1178 1213 et

250 1285 344 1349 regna
371 1269 547 1351 videbitur,
578 1269 610 1334 in
638 1268 775 1351 quibos,
806 1272 911 1351 spreti
932 1269 1116 1334 auctoritate
1135 1270 1180 1335 le-

249 1402 323 1467 gum
345 1406 379 1451 ac
401 1404 525 1452 sursum
545 1387 754 1467 deorsumque
765 1387 893 1454 versatis
906 1388 1070 1466 omnibus,
1088 1406 1180 1453 unam

249 1504 356 1569 cuncti
384 1503 494 1568 insano
525 1504 631 1569 studio
660 1518 690 1568 et
715 1506 825 1569 ardore
845 1504 1017 1569 libertatem
1040 1520 1180 1587 crepant.

253 1620 495 1685 Accuratissime
528 1635 639 1685 ‘autem
684 1621 793 1689 traditi
824 1637 855 1685 et
887 1622 983 1685 veluti
1015 1622 1047 1686 in
1079 1622 1184 1688 tabula

250 1739 399 1817 expressa
438 1735 561 1802 Atticae
602 1736 805 1801 democratiae
841 1738 1045 1817 conditione,
1088 1757 1180 1819 quam

249 1849 415 1916 >admodum
445 1852 506 1916 sibi
535 1869 640 1918 notam
668 1853 792 1919 Glauco
821 1854 920 1934 dicit,
943 1857 980 1920 ad
1001 1855 1101 1919 virum
1120 1857 1182 1938 jam

251 1970 354 2052 pergit
371 1970 533 2050 Socrates,
556 1970 629 2044 huic
640 1969 760 2035 civitati
771 1971 920 2052 similem,
933 1972 1182 2037 describendum.

252 2086 354 2170 Quem
378 2104 452 2151 sane
472 2089 576 2152 locum
597 2087 746 2152 attentius
769 2088 905 2172 legisse,
931 2090 957 2153 si
980 2087 1112 2153 interius
1129 2106 1184 2154 ex·

253 2205 375 2285 plorare
395 2201 489 2267 animi
511 2203 636 2268 hnmani
665 2203 935 2287 cupiditatumque
961 2207 1109 2270 rationem
1134 2222 1186 2269 ve·

253 2320 373 2398 limus,
398 2337 462 2383 non
483 2320 614 2402 pigebit.

297 2435 350 2503 Sic
380 2437 474 2521 igitur
506 2438 607 2519 pergit
634 2438 791 2505 Socrates.
836 2440 916 2504 Vide
944 2441 1027 2523 jam,
1060 2440 1186 2520 inquit,

255 2555 328 2636 quis
349 2555 418 2618 talis
439 2553 488 2617 dir
509 2554 571 2619 sit:
595 2557 644 2618 vel
665 2557 824 2636 primurn,
849 2556 956 2637 prouti
978 2557 1009 2619 in
1028 2556 1187 2637 republica

255 2669 414 2750 fecimus,
433 2669 681 2753 investigandum
703 2688 772 2751 est,
794 2691 926 2751 quonam
940 2687 1030 2754 pacto
1040 2673 1185 2738 exsistat.

259 2788 352 2854 Avari
372 2803 467 2871 atque
491 2784 670 2865 oligarchici
691 2788 786 2868 patris
805 2786 887 2850 lilius
907 2787 1039 2869 primum
1061 2789 1186 2869 quidem

149 2934 158 2953 ·
256 2904 441 2986 cupiditates
472 2903 647 2982 codrcebir,
679 2923 758 2985 quae
784 2921 848 2967 non
876 2905 1064 2967 necessariae
1087 2921 1188 2983 sunt,

257 3042 322 3103 quo
343 3022 441 3104 magis
464 3040 540 3103 opes
563 3022 720 3086 cumulet:
752 3022 830 3084 idem
859 3040 955 3102 vero,
989 3022 1065 3102 ubi,
1095 3042 1190 3103 parca-

257 3159 290 3204 ac
313 3141 382 3204 rudi
404 3142 523 3204 ratione
545 3141 717 3219 educatus,
745 3140 874 3203 aliorum
897 3143 1074 3222 voluptates
1096 3143 1187 3205 luxu-

257 3256 397 3337 riemque
415 3258 572 3329 attendere
588 3275 623 3321 ac
642 3258 805 3338 degustare
818 3259 977 3338 coeperit,
999 3255 1089 3323 facile
1100 3273 1187 3324 totus

257 3375 510 3440 commutabitur.
557 3374 721 3440 Continuo
743 3374 928 3457 repugnabit
949 3373 1073 3439 sibimet
1093 3375 1185 3459 ipse,

258 3509 354 3574 quum
383 3491 443 3555 alio
474 3508 613 3572 tempore
640 3491 758 3572 patris,
791 3493 852 3555 alio
874 3493 1105 3557 luxuriosorum
1128 3495 1187 3558 ho-

178 3636 181 3648 ·
260 3607 376 3675 minum
409 3608 472 3672 vita
500 3627 569 3673 eum
601 3623 723 3674 teneat:
756 3623 820 3672 turn
847 3627 946 3687 vero,
975 3609 1184 3677 subeuntibus

257 3725 461 3792 adolescentis
488 3725 647 3805 animum,
678 3726 783 3789 rudem
806 3727 896 3806 plane
916 3739 946 3788 et
968 3727 1110 3793 doctrina
1131 3746 1184 3793 va·

176 3930 179 3937 )
256 3862 374 3922 cuum,
394 3841 488 3905 nullis
510 3859 575 3905 troo
596 3840 836 3923 voluptatibus,
856 3842 1040 3923 cupiditates
1063 3847 1183 3910 tandem

255 3963 501 4043 massanensis
522 3968 576 4036 als
594 3969 698 4043 lenit
720 3961 898 4043 detineam,
922 3983 1025 4026 arcem
1047 3965 1115 4030 illic
1130 3984 1181 4031 ce·

256 4079 369 4160 perint.
401 4076 525 4164 Quodsi
535 4076 573 4145 ab
593 4076 698 4142 amicis
714 4076 887 4143 subsidium
906 4079 1037 4148 subinde
1054 4083 1182 4163 aliquod

1142 4203 1185 4264 la-
