2896 5168
753 452 946 522 ..,,,..

369 617 455 704 suit.
474 617 668 687 Socraticum
693 617 872 701 maxime,)
894 638 953 684 non
978 618 1058 702 quid
1073 621 1137 705 ipse
1156 620 1311 698 sentiret,

380 733 562 820 ostendere,
583 735 638 803 sed
656 749 768 802 contra
799 734 859 818 id,
878 734 963 823 quod
982 739 1112 823 quisque
1138 758 1169 802 se
1196 740 1313 803 sentire

380 849 534 936 dixisset,
564 851 739 940 disputare.
785 851 871 919 Hinc
903 855 979 919 hoec
1010 856 1164 919 recentior
1194 851 1318 918 Acade·
1406 902 1408 908 .

380 973 448 1036 mia
475 973 634 1036 emanavit
666 966 726 1038 (ι).
770 970 820 1037 11ὶί
850 970 947 1057 igitur
975 988 994 1038 e
1020 971 1112 1038 dictis
1134 969 1314 1039 sententiis·

383 1103 447 1169 que
477 1085 615 1152 Socratis
645 1102 677 1153 et
699 1088 839 1156 Platonis
857 1089 1044 1156 sententiam
1070 1089 1132 1173 ipsi
1151 1109 1239 1157 suana
1258 1090 1316 1154 hae

380 1199 638 1287 gravissimorum
658 1206 844 1272 auctoritate
863 1177 1128 1288 philosophorum
1160 1223 1319 1271 commen·

382 1317 456 1385 date
485 1334 517 1384 et
539 1303 724 1385 confi‘rnare
745 1321 901 1391 solebant.
924 1319 991 1388 ,Et
1010 1337 1087 1387 sane
1109 1333 1175 1384 tota
1205 1339 1315 1389 eorum

382 1433 583 1518 philosophia
614 1435 799 1500 sententiam
829 1433 968 1500 Platonis
994 1434 1032 1498 de
1063 1434 1237 1514 sensibus,
1259 1436 1313 1499 vix

380 1552 475 1617 ullam
502 1549 541 1614 iis
569 1547 662 1615 iidem
689 1549 858 1617 habendam
890 1567 979 1630 esse,
1000 1548 1175 1617 referebat:
1209 1570 1319 1632 quam·
1361 1552 1367 1558 ’

384 1684 477 1749 quam
506 1665 662 1751 augebant
688 1666 812 1748 omnia,
847 1667 902 1748 qui
933 1666 1123 1732 imitatorum
1150 1664 1218 1733 fere
1244 1686 1314 1733 mos

341 1804 344 1808 ·
385 1797 434 1876 est
452 1797 485 1851 et
512 1783 593 1851 nihii
613 1801 684 1849 esse
704 1802 814 1850 verum
837 1784 1080 1851 contendebant.
1121 1783 1237 1869 itaque
1255 1784 1318 1847 Ar·

383 1894 517 1982 cotilas,
549 1915 585 1966 ut
609 1900 672 1972 alio
708 1901 779 1967 loco
808 1901 890 1968 idem
923 1901 999 1992 dicit
1022 1901 1161 1983 Cicero,
1183 1901 1319 1986 negabat

382 2039 445 2085 csse
471 2015 664 2105 quidquam,
686 2017 771 2105 quod
786 2022 863 2084 sciri
884 2033 1006 2105 posset,
1029 2038 1068 2083 ne
1088 2017 1172 2084 iilud
1197 2016 1318 2103 quidem

382 2137 507 2231 ipsum,
539 2134 623 2222 quod
641 2135 784 2204 Socrates
810 2136 869 2202 sibi
897 2136 1084 2222 reliquisset.
1135 2137 1188 2200 Sic
1217 2139 1320 2202 omnio

294 2265 297 2269 '
386 2252 489 2322 iatere
520 2252 661 2321 censebat
690 2256 727 2317 in
754 2253 891 2334 occuito,
918 2274 1014 2340 neque
1044 2273 1106 2320 esse
1125 2251 1320 2340 quidquam,

384 2366 470 2455 quod
488 2372 577 2435 cerni
605 2384 665 2436 aut
693 2370 831 2455 intelligi
848 2374 947 2456 possit
960 2391 973 2433 .·
1005 2370 1115 2456 quibus
1140 2368 1178 2435 de
1204 2373 1321 2437 caussis

385 2487 474 2553 niitii
509 2502 650 2574 oportere
688 2505 786 2571 neque
820 2483 996 2572 profiteri,
1036 2507 1132 2571 neque
1164 2488 1324 2573 affirmare

385 2622 597 2690 quemquam,
628 2622 726 2686 neque
745 2604 916 2668 assensione
944 2601 1143 2689 approbaret
1170 2604 1325 2669 cohibere-

386 2735 447 2804 que
473 2733 613 2804 semper,
635 2730 666 2781 et
689 2715 733 2790 at
758 2720 841 2782 omni
861 2719 952 2805 lapsu
979 2721 1137 2783 continere
1162 2724 1321 2785 tomerita-

387 2848 470 2906 tem:
490 2853 572 2917 quoe
597 2846 665 2898 tum
684 2845 760 2897 esset
782 2833 936 2917 insignis,
971 2854 1042 2899 oum
1070 2850 1129 2900 out
1144 2836 1238 2920 falsa
1262 2854 1322 2905 out

387 2951 548 3037 immanita
579 2969 628 3016 res
658 2948 912 3036 approbaretur:
942 2970 1040 3036 meque
1066 2954 1122 3020 itoc
1151 2955 1322 3041 quidquam

387 3051 449 3138 esse
471 3068 641 3156 .trrrpios,
671 3085 767 3154 quam
801 3070 969 3154 cognitioni
996 3084 1028 3136 et
1053 3076 1246 3160 perceptioni
1275 3095 1326 3141 as·

388 3187 552 3259 sensionem
572 3183 885 3273 approbationemque
900 3204 1143 3274 praecurrere·
1168 3190 1253 3257 Huic
1270 3213 1324 3259 ra·

388 3307 468 3402 tioni
484 3301 569 3390 qaod
589 3315 661 3366 erat
683 3319 940 3387 consentancum,
955 3304 1123 3388 faciebat,
1148 3323 1184 3373 ut
1211 3326 1324 3377 contra

390 3424 527 3491 emotum
556 3421 724 3487 sententias
749 3420 813 3489 dies
832 3423 906 3506 jam
935 3421 1099 3510 plerosque
1135 3424 1324 3509 dmueeret,

390 3551 447 3619 ut,
476 3555 547 3601 com
572 3536 608 3598 in
628 3534 751 3601 eadem·
767 3557 804 3604 re
826 3541 927 3626 pario
957 3546 1128 3611 contrariis
1157 3547 1192 3608 in
1220 3549 1325 3632 parti·

391 3652 447 3719 bas
477 3667 629 3719 momenta
656 3659 820 3756 'rationum
858 3662 1094 3742 invenirentur,
1118 3665 1253 3746 facilius
1282 3665 1326 3731 ai

391 3784 530 3860 tetraque
541 3787 640 3859 parte
665 3777 797 3841 assensio
815 3778 1034 3846 sustineretur.
1057 3814 1105 3837 -··
1127 3781 1220 3847 Hanc
1239 3777 1328 3847 Acce

619 3871 622 3877 ’
1278 3894 1329 3961 oe

431 4022 471 4096 (ι)
492 4023 551 4081 cio.
567 4026 602 4078 de
620 4022 700 4082 orat.
714 4025 773 4080 111.
792 4031 850 4086 18..
