2896 5168
648 479 817 542 ψ..

271 653 373 705 essent
400 636 487 705 facti.
530 640 591 705 Sed
619 637 734 720 nobis,
768 655 804 706 ut
833 639 942 707 ordine
971 645 1194 731 procedamus,

234 786 238 801 ·
266 755 399 838 ptimutn
420 756 459 820 de
481 753 655 819 rectoribus
673 753 833 836 civitatis,
855 754 1112 836 quemadmodum
1138 762 1195 828 eli.

267 872 358 953 pendi
376 870 619 954 instituendique
636 871 722 952 sint,
743 871 892 954 agendum
912 871 1046 941 videtur.

429 1103 488 1169 De
516 1104 768 1170 rectoribus
797 1106 1025 1176 civitatis.

306 1339 449 1424 Eligeudi
481 1358 498 1404 e
526 1339 712 1404 custodibus
747 1352 845 1418 sunt,
879 1337 1004 1422 ipsique
1030 1353 1123 1406 erunt
1152 1339 1187 1407 in

263 1454 371 1538 primis
400 1453 535 1521 custodes
557 1451 621 1521 (ὼ
653 1455 806 1521 delectum
832 1468 936 1521 autem
967 1453 1067 1520 facem
1093 1473 1187 1521 accu-

263 1586 328 1638 rate
348 1586 484 1655 oportet.
527 1572 609 1638 Nam
631 1571 714 1637 haud
730 1568 792 1638 fuit
811 1571 898 1638 Plato
921 1590 960 1638 ex
979 1573 1103 1638 illorum
1129 1589 1184 1654 ge·

262 1706 337 1755 nere
363 1689 644 1773 philosophorum,
675 1687 730 1770 qui
757 1687 842 1771 paria
862 1707 932 1755 esse
949 1692 1059 1757 natura
1082 1687 1185 1755 homi·

260 1821 335 1870 num
368 1805 488 1887 ingenia
524 1817 720 1885 statuerent,
759 1803 969 1871 diversitatem
1004 1819 1105 1872 autem
1144 1823 1183 1871 ex

260 1919 382 1987 diversa
410 1921 615 1986 institutionis
644 1920 763 1986 ratione
795 1921 954 1987 ducerent.
997 1921 1076 1987 Rem
1105 1923 1183 1988 adeo

261 2036 416 2102 Socratem
446 2051 549 2101 vetere
575 2036 703 2119 quadam
725 2038 892 2103 traditione
913 2039 1116 2104 illustrantem
1135 2034 1182 2102 fe-

259 2152 316 2227 cit.
368 2154 553 2219 Persuadere
578 2153 763 2219 custodibus
792 2154 889 2234 illud,
918 2154 984 2234 ait,
1011 2152 1181 2232 debemus,

260 2268 347 2348 quod
376 2287 394 2333 a
423 2268 628 2335 Phoenicibus
662 2270 860 2351 accepimus,
889 2285 1026 2335 nostram
1054 2266 1182 2333 institu-

259 2382 375 2449 tionem
406 2384 496 2449 nihili
527 2403 617 2462 esse,
650 2384 737 2466 ipsos
772 2404 847 2450 vero
879 2403 986 2467 reapse
1015 2383 1180 2466 aliqnando

258 2501 319 2566 sub
349 2505 429 2567 terri
455 2499 553 2567 fuisse
576 2500 781 2582 informatos,
813 2501 947 2582 indeque
969 2501 1079 2567 deinde
1099 2499 1182 2564 doti·

257 2617 319 2682 bus
352 2636 496 2699 quosque
526 2616 592 2681 suis
626 2616 656 2680 in
693 2619 791 2681 lucem
828 2617 992 2698 prodiisse.
1047 2661 1069 2696 „
1089 2613 1179 2682 Estie

255 2734 374 2819 igitur,
404 2733 449 2799 sic
482 2752 536 2799 eos
564 2753 673 2799 sumus
699 2734 889 2814 allocuturi,
921 2751 1028 2798 omnes
1047 2731 1178 2813 fratres

255 2849 434 2932 intervos,
456 2850 573 2933 quippe
594 2866 703 2916 terram
724 2868 918 2915 commonent
944 2851 1093 2916 habentes
1115 2867 1179 2915 ma·

256 2983 354 3047 trem,
387 2986 480 3050 quam
514 2966 732 3033 communibus
768 2967 880 3032 studiis
914 2965 1098 3046 viribusque
1125 2966 1178 3031 de·

253 3081 407 3166 fendetis3
431 3085 485 3148 sed
508 3086 616 3163 Deus,
641 3083 695 3165 qui
716 3102 774 3148 vos
794 3083 904 3163 finxit,
927 3096 1087 3165 quotquot
1103 3098 1179 3145 ves·

253 3215 336 3267 trum
363 3200 401 3264 ad
421 3203 628 3282 imperandum
648 3199 713 3282 apti
735 3214 839 3266 essent
859 3197 981 3280 futuri,
1010 3218 1119 3266 autum
1142 3197 1176 3265 in

254 3335 360 3382 eorum
389 3314 584 3397 generatione
611 3316 792 3381 admiscuit:
825 3329 1016 3398 quapropter
1041 3317 1176 3382 honora·

252 3433 363 3499 tissimi
382 3447 475 3498 sunta
499 3432 561 3497 illis
582 3447 683 3496 autem
696 3436 715 3510 ‚‘
730 3431 785 3514 qul
806 3433 843 3496 ad
864 3430 1078 3514 opitulandum
1102 3450 1175 3498 cus·

250 3550 513 3630 todiendumque‚
554 3564 733 3630 argentum:
773 3548 888 3613 fertum
919 3548 1053 3630 denique
1079 3562 1174 3630 atque

251 3686 302 3733 aes
335 3668 477 3749 agricolis
509 3682 539 3730 et
571 3663 752 3748 opificibus.
807 3665 873 3729 Vos
901 3665 1034 3748 igitur„
1055 3665 1174 3748 quippe

1120 3799 1177 3846 co·

284 3960 326 4032 (ι)
345 3961 440 4029 linqua
456 3948 525 4014 κατ’
552 3949 660 4029 ἐξοχὴν
679 3963 807 4013 vocantur
824 3952 974 4026 Φύλακες,
989 3955 1091 4024 1οιοιιιί
1109 3951 1173 4012 ἔπι.

249 4076 349 4130 aovpat.
389 4059 461 4127 Περ.
476 4054 537 4110 est,
558 4055 590 4106 li.
