2896 5168
635 441 832 495 ...100-

261 605 474 689 optimamque
499 606 658 673 erudiendi
697 605 941 687 perficiendique
958 599 962 607 ’
980 596 1116 681 hominis
1146 628 1195 676 ra·

260 723 393 788 tionem-⁴
417 722 595 806 spectauit3
642 723 714 803 huic
753 739 855 788 autern
896 725 986 790 unice
1023 729 1193 810 proposito

262 841 416 923 explendo
447 837 581 903 idearum
613 839 788 905 doctrinam
821 841 975 909 adhibuit.
1041 844 1123 908 Nam
1153 863 1193 908 eo

264 957 337 1021 haee
370 954 528 1035 pertinet,
559 970 609 1018 ·ut
644 974 768 1042 semper
807 958 903 1024 horno
933 961 972 1026 ad
1009 958 1191 1043 sapientiam

261 1068 503 1152 progrediatur,
547 1087 716 1155 numquam
748 1073 810 1137 sihi
840 1093 977 1141 summe.
997 1077 1123 1159 sapiens
1148 1077 1194 1142 vi··

262 1180 398 1249 dentur.
437 1183 528 1251 Ideae
554 1188 636 1251 enim
669 1190 753 1271 apud
783 1208 853 1253 eum
886 1191 1024 1271 perfecta
1053 1197 1193 1277 exempla

263 1316 359 1380 sunt,
397 1320 476 1382 quae
502 1301 660 1367 imitemur
691 1303 835 1385 agendo,
866 1321 930 1367 non
966 1325 1191 1386 assequamur:

262 1423 349 1488 miror
380 1432 480 1498 sunt,
519 1435 600 1498 quos
639 1417 846 1500 exprimamus
884 1421 1005 1503 agendo
1044 1405 1195 1485 vivendo·

262 1552 326 1616 que
337 1557 351 1615 ,·
371 1552 436 1600 non
461 1532 631 1617 aequemus
659 1536 708 1599 vel
733 1553 939 1616 superemus:
978 1536 1010 1599 id
1032 1535 1059 1600 si
1082 1534 1192 1616 lieret,

263 1653 334 1738 essse
361 1652 430 1718 illae
459 1650 528 1718 sire
562 1650 648 1718 ideae
678 1650 745 1718 sive
779 1657 865 1722 τύποι
896 1652 1085 1718 desinerent.
1148 1648 1209 1717 m

264 1788 339 1850 uero
371 1769 514 1836 homines
541 1788 602 1835 nos
625 1787 770 1849 sumus,
801 1767 1023 1849 infinitumque
1049 1769 1194 1835 interval·

263 1889 326 1953 lum
352 1902 425 1970 est,
459 1905 525 1970 quo
557 1905 574 1951 a
604 1886 697 1951 rebus
733 1884 848 1951 diuinis
878 1887 1049 1967 humanae,
1080 1886 1119 1951 ab
1147 1886 1194 1950 ln·

154 2072 157 2090 ¹
259 2002 477 2085 telligibilibus
504 2001 691 2086 spectabiles
724 2015 919 2084 separantur.
979 2002 1192 2087 Quamobrem

260 2118 349 2186 Deus
370 2121 562 2199 amulone,
586 2117 710 2185 tametsi
727 2133 759 2184 et
779 2118 849 2202 ipse
869 2124 969 2198 νοητὸς
995 2133 1026 2185 et
1047 2120 1080 2184 in
1099 2124 1189 2205 νοητῷ

263 2237 336 2315 lpco
357 2250 521 2316 versatus,
543 2240 597 2315 ritu
617 2235 714 2318 ianr,
733 2235 937 2318 spectabilem
959 2237 1108 2302 mundum
1129 2255 1193 2302 non

260 2351 460 2436 peractum,
490 2370 555 2418 non
583 2353 740 2436 optimum
768 2366 803 2418 ut
818 2381 821 2412 r
836 2354 914 2419 nihil
942 2353 1066 2420 adesset
1095 2355 1191 2435 mali,

170 2533 174 2540 .
208 2517 215 2531 .
259 2470 319 2537 aed
341 2485 503 2557 ¹qnatenus
527 2468 583 2549 ripn
614 2468 732 2547 ferret,
776 2468 997 2550 pulcerrimum
1024 2468 1195 2549 optimum·

259 2604 326 2668 que
353 2585 472 2651 effinxit
505 2582 563 2647 (¹).
625 2584 737 2665 ltaque
769 2583 803 2646 in
832 2601 899 2648 uno
938 2584 1007 2649 Deo
1040 2581 1191 2665 perfectio

261 2707 383 2767 somma
410 2714 480 2765 est:
505 2698 639 2779 licetque
667 2698 787 2763 homini
808 2678 853 2762 ad'
868 2697 962 2764 illam·
979 2696 1192 2764 in‘inllnitum

253 2818 455 2902 procedere,
475 2813 627 2899 attingere
656 2831 721 2880 eam
747 2813 854 2879 licebit
871 2831 1044 2894 nunquam.
1077 2813 1194 2896 Siqua
1274 2843 1275 2846 ¹

87 2987 92 2996 .
199 2959 200 2962 ¹
254 2936 400 3015 ¹uniquam
426 2951 444 2999 a
469 2930 666 3016 philosopho
694 2930 867 3024 excogitata
882 2956 886 2964 ·
901 2930 997 2996 ratio'
1014 2945 1087 3012 est,
1129 2950 1193 3014 qua

169 4132 170 4136 ,
244 4122 301 4186 ,ρ

251 3050 383 3135 ‘optime
408 3064 441 3117 et
462 3048 637 3116 erudiretur
662 3047 759 3114 homo
787 3046 883 3114 etad
910 3046 1070 3116 veritatem
1092 3046 1193 3113 'addu-

255 3184 405 3255 peretur,¹
426 3163 630 3251 philosophia
646 3179 698 3231 ¹est
714 3164 864 3244 Platonis,
881 3177 913 3229 et
932 3164 1008 3230 haec
1027 3163 1193 3247 praecipue

250 3288 295 3360 -hr
322 3290 367 3354 ea·
383 3286 423 3351 de
450 3281 530 3350 ideis
562 3279 714 3348 doctrina.
770 3280 822 3347 Ad
858 3279 1076 3362 sempiternam
1108 3280 1192 3347 illam

254 3401 514 3487 progressionem
539 3412 613 3466 tota·
635 3411 779 3482 spectat,
803 3414 954 3478 quamerr
970 3394 1073 3480 ipsius
1095 3395 1195 3480 scrip-

163 3544 165 3550 ’
263 3517 305 3585 tis
329 3517 557 3598 exposuimus,
587 3515 627 3581 de
653 3515 765 3580 artium
797 3513 1096 3596 disciplinarumque
1125 3529 1194 3585 stu·

262 3631 334 3699 diis·
349 3630 541 3714 disquisitio.
593 3633 653 3698 Per
682 3646 764 3697 artes
794 3649 854 3697 nos
881 3631 934 3698 ille
954 3632 1190 3718 adpulcrpm,
1218 3611 1220 3615 ’

318 3768 319 3773 ,
1117 3763 1193 3829 ‘pff

249 3892 271 3914 ·“
288 3886 341 3962 (ι)
361 3886 508 3956 Brahnlrlt
528 3890 584 3961 pla
607 3887 621 3948 l
643 3889 702 3958 isle
723 3887 822 3963 byrele
840 3893 893 3961 ptr
915 3891 1030 3959 πίνη,
1047 3887 1192 3962 φλαῦροι

251 3979 494 4068 &madrarim
517 3988 630 4068 scri
649 3983 837 4063 lassato.
867 3987 1001 4056 Cirr-„da
1019 3987 1076 4067 q..
