2896 5168
721 443 912 517 ...143-

351 621 419 683 irus
441 619 614 702 apparere?
642 657 684 669 -
706 619 782 682 Nou
810 636 894 700 ego,
918 637 973 700 per
992 619 1116 702 Jovem.
1140 656 1184 670 —
1206 616 1295 704 Quid

349 736 497 829 ,antemi
520 733 608 802 alteri
626 733 755 833 ‚homini
786 749 818 799 et
843 733 900 798 tibi
924 753 1005 817 *num
1041 736 1212 818 quidquam
1246 757 1301 817 ap·

350 869 470 945 ,parere
490 851 617 941 simile,
648 849 777 916 firmiter
803 851 1001 918 contendas?
1023 871 1062 917 an
1092 872 1167 919 vero
1198 855 1300 928 multu

276 986 277 989 ’
360 970 483 1052 magis,
515 986 555 1033 ne
585 966 642 1055 tibi
674 967 735 1050 ipsi
773 969 867 1036 etiam
898 970 978 1036 idem
1010 990 1183 1055 apparere,
1217 990 1299 1052 quo·

360 1085 441 1152 niam
477 1101 639 1166 nunquam
667 1084 815 1169 tibiipsi
846 1086 990 1152 similiter
1018 1102 1051 1154 te
1094 1087 1218 1152 habes?
1255 1122 1302 1136 --

364 1201 436 1265 Hoc
467 1200 591 1284 magis,
624 1222 718 1284 quam
750 1202 828 1268 iliud
861 1201 937 1266 mihi
967 1201 1104 1266 videtur.
1137 1237 1183 1254 -
1213 1202 1300 1282 Ergo

352 1283 394 1381 'si
433 1315 465 1380 id
512 1319 600 1400 quod
639 1317 784 1382 metimur
822 1317 873 1380 vel
911 1314 1117 1397 attingimus,
1154 1335 1298 1397 maguum

352 1450 473 1516 ‚reapse
503 1435 554 1496 vel
578 1433 682 1522 alb-um
719 1431 770 1497 vel
792 1429 924 1494 calidum
941 1443 1052 1508 esset,
1075 1447 1235 1509 nimquam
1269 1431 1302 1495 id

363 1547 451 1613 alteri
463 1546 628 1626 accidens,
649 1544 734 1611 aliud
754 1545 864 1625 fieret,
887 1545 950 1611 nisi
967 1560 1158 1611 mutaretur:
1182 1546 1230 1610 sin
1247 1567 1300 1611 an·

345 1675 429 1757 ¹tent
469 1683 578 1730 rursus
607 1663 640 1728 id
675 1664 762 1744 quod
795 1663 924 1729 metitur
962 1663 1013 1728 vei
1048 1661 1203 1745 attingit,
1244 1664 1302 1726 im·

364 1799 433 1845 rum
458 1780 535 1862 quid
566 1794 649 1847 esset
680 1754 796 1862 reapse
797 1768 817 1857 ζ
833 1797 898 1844 non
928 1797 1001 1843 sane
1031 1759 1130 1843 altero
1160 1778 1302 1844 acciden-

363 1910 396 1962 te
421 1897 473 1964 vel
505 1898 582 1980 quid
611 1898 770 1980 patiente,
799 1897 883 1961 aliud
905 1896 1015 1975 fieret,
1040 1896 1068 1959 si
1099 1895 1203 1978 ipsum
1224 1896 1304 1962 uiitii

357 2027 522 2095 ¹pateretur
542 2009 599 2080 (¹).
643 2014 750 2079 Efficit
777 2014 850 2079 hinc
881 2014 1046 2093 Socrates,
1076 2012 1181 2077 album
1214 2015 1302 2076 colo·

356 2148 427 2230 sem
445 2149 503 2198 nec
527 2136 622 2198 oculo
648 2131 820 2215 spectantis
847 2149 904 2196 uec
931 2130 1001 2211 rei,
1023 2148 1103 2211 quae
1120 2144 1302 2212 spectatur,
1331 2131 1333 2134 ’

362 2245 488 2316 inesse:
522 2248 605 2316 unde
640 2268 717 2314 vem
747 2248 897 2326 exsistat,
929 2267 968 2312 ex
996 2263 1084 2313 motu
1112 2248 1165 2313 iiio
1199 2268 1301 2314 rerum

332 2432 338 2442 ,
363 2367 531 2448 omnium,
555 2386 648 2449 quem
678 2369 854 2448 loquuntur
875 2366 1030 2448 sapientes
1053 2365 1126 2445 isti,
1149 2367 1305 2447 explicat,

353 2483 623 2574 ‚demonstratque
660 2484 791 2559 simul,
820 2482 899 2546 nihil
942 2500 1012 2546 esse
1042 2480 1145 2563 ipsum
1184 2502 1240 2566 per
1270 2502 1305 2549 se

361 2617 462 2673 unum
493 2601 544 2663 vel
576 2597 652 2680 quid
683 2599 735 2661 vei
761 2599 865 2676 quale.
917 2597 998 2667 Nam
1032 2616 1103 2662 cum
1134 2600 1303 2679 sensibus,

363 2726 401 2778 ut
429 2713 591 2792 diximus,
625 2714 748 2794 inquit,
783 2731 863 2790 res,
882 2732 962 2796 quae
995 2713 1032 2775 iis
1061 2713 1303 2795 percipiuntur,

361 2829 594 2911 respondeant,
635 2830 667 2894 in
699 2843 789 2893 motu
824 2829 879 2892 ilio
912 2843 1067 2911 perpetuo
1112 2830 1303 2896 conveniens

363 2964 435 3037 cum
465 2963 501 3013 re
521 2949 654 3032 cognati
675 2947 788 3010 oculus
813 2943 912 3029 gignit
932 2947 1068 3010 colorem
1090 2946 1208 3012 album.
1251 2948 1304 3013 Sic

364 3064 457 3131 nobis
488 3062 593 3129 album
623 3076 752 3147 apparet
782 3062 850 3128 sive
887 3064 1005 3149 iignum
1032 3063 1102 3130 sive
1133 3084 1242 3131 surum
1273 3080 1306 3131 et

363 3160 489 3249 caetera
509 3180 625 3264 paritet
640 3179 791 3262 negotia,
813 3180 925 3246 durum
954 3195 986 3246 et
1020 3181 1174 3248 calidum:
1198 3183 1304 3265 ipsum

362 3319 421 3385 per
447 3317 482 3364 se
501 3298 580 3364 nihil
602 3311 673 3377 est,
696 3296 753 3361 sed
778 3315 835 3381 per
856 3311 993 3376 motum,
1016 3311 1128 3362 mutuo
1156 3318 1306 3382 congres-

365 3435 429 3498 su,
452 3415 533 3480 fiunt
561 3412 666 3479 omnia
691 3427 722 3478 et
748 3415 923 3498 omnigena:
952 3413 1204 3496 quandoquidem
1243 3430 1305 3483 tarn

367 3549 463 3616 agens
492 3548 585 3610 quam
610 3529 731 3613 patiens
769 3550 868 3596 unum
900 3531 1020 3614 aliquid
1046 3550 1116 3599 esse
1148 3551 1205 3616 per
1245 3553 1303 3616 se,

366 3646 453 3713 haud
480 3646 634 3728 firmiter,
677 3661 714 3712 ut
740 3650 851 3732 ajunt,
884 3650 1024 3734 cogitare
1058 3649 1143 3716 licet.
1189 3649 1306 3734 Neque

369 3763 452 3833 enim
479 3781 573 3848 agens
608 3765 778 3848 quidquam
806 3780 855 3831 est
896 3766 1007 3860 prius,
1056 3785 1147 3849 quam
1176 3766 1306 3853 patienti

1227 3899 1303 3948 con·

405 4018 448 4090 (a)
470 4017 585 4075 Tluaea.
601 4017 660 4072 15³.
677 4019 715 4070 D·
732 4045 766 4093 ·.
781 4020 839 4075 254.
858 4020 889 4073 B.
