2896 5168
637 494 810 557 ...44-

256 656 383 723 vissime
407 655 551 734 Glauco,
584 665 750 736 utrumque
780 654 905 736 virum,
934 654 1024 739 quasi
1050 668 1181 725 statuam

256 775 433 856 quandam,
454 771 486 836 in
511 769 663 856 judicium
694 771 836 838 inducis!
889 771 946 839 111e
964 789 1063 857 vero,
1096 771 1182 858 faci,

254 889 381 973 inquit,
419 908 512 974 quam
541 887 659 971 optime
689 903 841 972 poteram.
892 893 976 961 Cum
1005 909 1079 974 ergo
1104 892 1180 958 tales

252 1009 339 1087 sint,
370 1004 449 1073 nihil
474 1008 560 1092 jam,
592 1019 628 1072 ut
648 1003 807 1087 arbitror,
826 1005 948 1073 difficile
964 1022 1088 1074 narratu
1107 1022 1180 1092 ast,

251 1123 354 1206 quatis
390 1138 557 1204 utrumque
591 1120 655 1188 rita
684 1135 824 1188 maneat:
863 1122 1028 1201 dicendum
1057 1121 1178 1208 igiturc

251 1240 367 1323 quodsi
395 1256 470 1305 vero
499 1238 640 1322 asperius
675 1236 752 1320 quid
781 1237 923 1320 dicatur,
950 1256 991 1304 ne
1016 1238 1178 1321 existima,
1288 1253 1289 1256 ’

252 1377 323 1440 mc,
363 1355 531 1438 Socrates,
566 1355 641 1422 haec
671 1355 798 1438 dicere,
833 1356 888 1422 sed
918 1376 985 1438 eos,
1021 1355 1077 1442 qui
1106 1376 1180 1440 prae

248 1473 371 1559 justitia
401 1456 585 1558 injustitiam
614 1471 751 1540 laudant.
790 1472 916 1540 ¹Dicent
935 1470 1015 1540 enim
1036 1473 1183 1559 hujusce·

252 1590 338 1657 modi
365 1589 539 1672 quaedam:
566 1590 613 1654 sic
642 1606 714 1654 cum
737 1605 772 1654 se
792 1587 902 1655 habeat
918 1589 1045 1674 justus,
1073 1589 1182 1657 made·

252 1717 306 1772 tur
342 1705 470 1789 flagris,
505 1705 728 1788 torquebitur,
761 1704 895 1774 vinculis
924 1704 1180 1791 constringetur,

250 1838 399 1890 eruentur
427 1822 473 1888 iili
503 1821 610 1904 ocuii,
646 1824 832 1906 tandemque
867 1823 1004 1907 pessima
1041 1839 1183 1907 quaeque
1264 1806 1271 1828 '⁴

251 1959 420 2025 perpessus
441 1941 474 2005 in
495 1958 617 2007 crucem
641 1939 789 2020 tolletur,
817 1957 853 2009 ac
874 1953 941 2005 tum
961 1941 1087 2006 demum
1106 1935 1184 2025 co'g·

253 2072 386 2137 noscet,
414 2073 479 2121 non
510 2076 603 2139 esse,
633 2058 689 2124 sed
721 2055 819 2125 rideri
844 2056 990 2140 justum,
1014 2057 1201 2140 concupis·-

154 2196 156 2200 ⁴
254 2174 385 2239 cendum
407 2173 517 2262 esse.”s
539 2173 582 2244 (¹)

297 2288 442 2357 Sufficere
476 2291 551 2358 haec
584 2291 758 2359 Glauconis
787 2291 927 2358 videatur
957 2304 1020 2357 tam
1050 2288 1205 2376 diligens

251 2427 288 2475 ac
306 2408 436 2492 copiosa
457 2390 654 2494 injustitiam
677 2407 800 2489 oratio,
821 2422 857 2475 ut
873 2406 947 2474 huic
965 2407 1183 2491 anteponenda

253 2526 293 2593 ad
316 2526 399 2592 vitae
425 2525 603 2592 felicitatem
631 2523 1018 2609 injustitia-existimetur.
1061 2521 1184 2592 Socrati
1291 2576 1294 2581 .

253 2656 337 2710 certe
354 2642 487 2708 arduum
506 2640 561 2742 fit,
581 2642 669 2723 quod
689 2644 786 2708 semel
806 2641 971 2724 suscepit,
997 2640 1184 2725 negotium,

251 2761 390 2846 justitiae
408 2759 629 2843 patrocinium.
660 2760 723 2826 Sed
742 2759 835 2826 habet
854 2757 1066 2841 Adimantus,
1084 2756 1185 2826 Glau-

255 2879 346 2945 conis
370 2877 486 2955 frater,
506 2895 587 2961 quac
607 2875 658 2943 his
676 2875 834 2962 subiiciat.
879 2874 1020 2958 Satisne,
1043 2875 1184 2959 quaerit,

256 3011 277 3058 o
297 2995 462 3074 Socrates,
481 2994 538 3059 hac
557 2993 650 3087 dere
668 2992 786 3061 dictum
804 2993 925 3079 putasi
939 3028 985 3045 -
1011 2992 1100 3081 Quid
1117 3008 1185 3060 tan·

257 3109 354 3177 demi
376 3144 422 3161 —
472 3109 553 3175 Illud
582 3088 704 3194 ipsum,
737 3111 864 3194 inquit,
905 3111 992 3193 quod
1020 3111 1185 3178 dicendum

260 3226 392 3292 maxime
414 3239 502 3306 erat,
526 3228 665 3312 nondum
692 3243 741 3295 est
769 3227 901 3294 dictum.
919 3263 964 3279 -
1004 3226 1117 3311 Ergo,
1141 3243 1190 3292 re·

255 3342 352 3427 pouit
376 3340 543 3423 Socrates,
571 3343 658 3425 quod
686 3343 800 3408 dicitur
828 3344 946 3425 vulgo,
978 3340 1073 3410 frater
1098 3342 1188 3410 fratri

261 3463 394 3529 adesto:
428 3477 523 3541 quare
541 3472 598 3540 tu,
618 3459 646 3524 si
672 3458 749 3540 quid
777 3459 827 3524 hic
856 3459 1081 3542 praetermisit,
1101 3460 1190 3544 adju·
1304 3533 1307 3538 ,

263 3599 321 3646 ra:
346 3596 530 3663 quamquam
553 3596 621 3658 me,
642 3593 722 3657 quac
743 3573 827 3640 dicta
848 3588 922 3647 sunt
944 3573 984 3641 ab
1008 3576 1088 3657 illo,
1117 3572 1189 3640 vin·

264 3714 335 3762 cere
354 3709 489 3779 possunt
509 3709 604 3778 atque
621 3691 757 3773 efficere,
788 3707 824 3758 ut
851 3690 1015 3761 defendere
1036 3689 1189 3776 justitiam

188 3823 190 3826 ’
266 3830 429 3895 nequeam.
454 3872 460 3884 .
491 3811 577 3882 'l'um
601 3810 806 3879 Adimantus:
837 3811 916 3879 nihii
945 3808 1047 3894 dicis3
1080 3808 1138 3875 sed
1160 3821 1192 3874 st

584 3946 586 3949 ¹
1121 3925 1196 3993 hacc

308 4079 404 4150 (r)De
420 4080 493 4161 Καρ.
511 4075 551 4135 11.
569 4076 631 4134 861.
647 4076 675 4132 1>
708 4076 822 4133 -562.
840 4074 876 4144 A·
