2896 5168
566 454 747 520 ...19-

193 641 244 689 eas
272 621 492 700 inveniuntur,
535 619 667 702 verique
692 635 828 685 amorem
857 620 890 688 in
923 623 1058 709 animis,
1096 626 1125 694 sl

193 737 267 821 quid
299 736 404 817 aliud,
435 751 467 801 et
495 736 628 801 excitant
656 736 790 803 maxime
819 750 849 801 et
879 738 988 821 alunt,
1010 742 1129 828 quippe

104 858 106 863 '
192 855 296 940 ipsum
322 854 494 936 aperientes
522 868 780 943 purgantesque,
805 872 870 935 quo
900 855 1014 925 veritas
1031 854 1147 926 semi?
1303 897 1306 904 ·

192 987 268 1052 tur,
301 970 415 1037 mentis
446 971 584 1035 oculum.
630 970 694 1035 Sed
722 984 757 1036 ut
790 971 926 1042 intertum
959 988 1034 1038 sunt
1057 980 1128 1059 tepla
1232 954 1236 959 ¹

192 1095 333 1169 utillum
357 1089 414 1154 hae
434 1086 640 1169 disciplinae,
672 1101 708 1151 ut
738 1086 865 1168 trahunt
896 1088 935 1153 ad
966 1088 1128 1159 veritatem
1180 1162 1182 1169 ,

191 1211 350 1287 animum,
391 1207 431 1270 ita
458 1205 614 1271 dialectica
644 1223 705 1270 nos
734 1205 828 1270 altius
857 1205 947 1271 etiam
974 1206 1011 1272 ia
1039 1224 1130 1272 mun·

191 1323 266 1387 dum
293 1327 391 1400 roualt
420 1322 536 1409 educit.
592 1321 700 1402 Nam,
733 1338 769 1387 ut
799 1321 869 1388 illae
890 1327 1038 1401 anellum
1071 1323 1125 1393 ha·

101 1495 105 1503 .
188 1438 289 1518 bem,
311 1438 395 1504 unde
411 1438 671 1519 proficiscantur,
693 1440 736 1505 ita
770 1439 844 1505 haec
864 1440 903 1506 ad
934 1447 1032 1526 ἀρχῆν
1052 1447 1123 1513 alvu·

189 1560 309 1627 allator
340 1555 438 1620 ducit.
482 1557 559 1621 Non
579 1572 657 1622 sunt
677 1557 728 1622 hle
749 1557 844 1623 nobis
866 1557 1020 1642 iteranda,
1044 1578 1124 1644 quae

189 1674 227 1739 ad
252 1674 435 1756 exponenda
462 1673 513 1738 illa
534 1693 630 1758 supra
660 1674 820 1741 attulimus
844 1675 895 1757 ‘¹³3
933 1675 1125 1744 animadver-

190 1806 290 1858 tamus
318 1810 420 1874 vero,
463 1791 577 1856 instrui
614 1792 723 1857 iisdem
749 1792 810 1857 illis
842 1792 955 1858 studiis
989 1792 1122 1877 juvenili

158 1924 290 1987 ·,aetate
320 1928 355 1975 ac
389 1909 563 1993 praeparati
594 1909 757 1989 homines,
801 1924 858 1991 ut,
899 1911 1004 1994 prouti
1039 1929 1125 1982 nune

191 2042 339 2090 numeros
364 2041 395 2091 et
422 2025 559 2111 figuras,
603 2027 645 2092 ita
670 2026 787 2110 pariter
816 2027 927 2095 deinde
952 2030 1125 2112 pulcmm,

191 2139 334 2218 bonum,
365 2143 511 2224 justum,
534 2144 684 2206 'sanctum
713 2159 779 2206 non
808 2143 841 2207 in
878 2143 997 2225 rebus,
1041 2160 1122 2226 quae

31 2302 34 2309 .
77 2306 80 2310 a
193 2258 264 2321 inde
292 2274 408 2319 nomen
433 2256 570 2333 habent,
603 2255 866 2338 imperfectaeque
888 2275 963 2324 sunt
991 2274 1024 2325 et
1054 2278 1123 2325 mu

192 2352 321 2452 tabiles,
363 2372 418 2436 sed
438 2369 505 2452 ipsa
537 2388 594 2454 per
621 2384 786 2437 semente
812 2389 1040 2455 assequantur,
1083 2373 1123 2441 ad

107 2496 115 2514 ⁸
191 2508 364 2571 eommque
394 2487 615 2572 perfectionem
646 2501 742 2568 atque
771 2487 992 2555 immutabilem
1016 2489 1125 2555 condi-

191 2609 308 2675 tionem
331 2608 427 2673 vitam
452 2606 512 2688 ipsi
537 2624 622 2670 suam
652 2618 712 2671 tam
732 2603 878 2689 privatim
903 2625 993 2687 quam
1020 2604 1126 2689 publi·

191 2745 227 2792 ce
257 2738 460 2808 componant.
504 2723 589 2789 Haec
619 2737 688 2804 est,
711 2742 805 2805 quam
833 2725 921 2790 Plato
952 2723 1055 2790 voluit
1075 2737 1124 2790 aa·

192 2858 255 2922 que
270 2842 438 2922 speluncae
456 2838 588 2922 imagine
615 2838 802 2919 illustrauit,
826 2838 961 2903 hominis
984 2858 1041 2923 pet
1062 2839 1128 2905 dis·

191 2956 321 3038 ciplinas
339 2955 372 3020 in
397 2955 545 3020 mundum
572 2955 797 3039 intelligibilem
822 2956 979 3021 escensio.
1012 2934 1124 3041 Quod·

193 3072 222 3137 si
247 3074 334 3156 jam,
357 3072 389 3135 in
421 3072 476 3136 hac
497 3071 707 3137 institutionis
731 3073 867 3156 optimae
885 3073 1125 3157 disquisitione,

193 3190 232 3256 de
261 3187 407 3273 gmdibtts
444 3188 644 3270 quaerimus,
678 3207 811 3269 quorum
839 3188 906 3254 aliis
932 3189 991 3253 alia
1020 3189 1123 3254 homi-

191 3326 268 3372 nurn
308 3323 419 3389 genera
457 3305 631 3369 subsistere
668 3307 792 3389 solent,
836 3305 1018 3388 quibusque
1051 3306 1123 3373 illos

193 3425 359 3489 escendere
390 3421 429 3486 ad
456 3440 611 3487 summum
642 3421 753 3503 decet,
786 3423 840 3504 qui
871 3424 909 3487 ad
934 3423 1000 3488 veri
1022 3423 1124 3489 scien·

194 3535 266 3600 tiam
297 3537 451 3614 tendunt,
483 3552 625 3605 accurate
656 3538 714 3602 hos
744 3539 834 3606 Plato
864 3539 1027 3624 definivit,
1060 3558 1121 3607 nos

192 3664 295 3719 autem
321 3648 413 3717 facile
433 3669 451 3717 e
474 3653 564 3718 dictis
590 3653 774 3723 efficiemus.

199 3897 202 3903 ¹
234 3908 275 3980 (r)
296 3906 361 3967 Vol.
378 3908 434 3964 111.
451 3909 484 3967 P.
501 3932 527 3967 a·
544 3929 573 3980 p·
591 3913 744 3983 7501178·

622 4128 690 4201 Ila
