2896 5168
546 506 778 570 -15-.

169 672 401 756 plenioremque
452 670 685 753 explicationem
742 671 801 735 hoc
857 684 1095 754 argumentum,

127 868 129 872 ⁸
170 807 260 871 quam
281 788 314 856 in
335 785 572 871 superioribus,
603 773 759 868 postulat.¹
807 785 891 852 Tum
924 788 1004 853 enim
1036 804 1096 851 nos

168 904 268 972 veluti
307 902 505 969 instituentes
545 900 727 982 hominem,
771 904 1027 985 quemadmodum
1067 903 1094 967 is

169 1019 271 1106 pulcri
304 1018 431 1103 verique
458 1038 564 1086 amore
600 1017 770 1100 incensus,
813 1020 932 1103 riteque
966 1021 1096 1104 inipso

170 1137 309 1205 veritatis
337 1143 451 1224 δργανῷ
476 1152 632 1223 purgato,
662 1156 791 1221 quoque
813 1139 901 1205 decet
919 1157 1096 1217 converso,

169 1254 208 1318 ad
239 1254 340 1337 pulcri
366 1255 494 1337 verique
523 1254 684 1322 scientiam
710 1255 907 1322 adducendus
937 1272 1041 1337 esset,
1064 1256 1096 1321 in

168 1370 386 1453 quirebauus:
411 1372 556 1454 quocirca
584 1387 615 1438 et
641 1392 774 1438 amorem
796 1373 858 1455 ipsi
879 1373 1006 1439 insitum
1030 1374 1099 1456 pul·

167 1487 212 1552 eri
238 1486 367 1570 verique
395 1501 424 1553 ct
447 1506 522 1555 vero
544 1489 604 1553 hoc
626 1490 747 1572 ὄργανον
768 1490 946 1570 explorasse
969 1488 1099 1553 sufficie·

168 1603 233 1668 bat.
289 1604 384 1670 Nunc
414 1620 510 1681 vero,
533 1622 603 1669 eum
627 1603 812 1670 decivitate
834 1604 985 1685 agendum
1007 1604 1098 1668 nobis

168 1720 233 1798 sit,
254 1718 308 1783 cui
328 1716 500 1799 praefuturi
521 1731 595 1781 sunt
618 1717 684 1794 illi,
707 1737 789 1796 quos
811 1718 858 1782 sic
883 1719 1099 1797 erudivimus,

170 1836 265 1902 homo
305 1831 399 1898 nobis
428 1828 524 1896 'totus
554 1830 744 1915 penitusque
783 1832 988 1913 explorandus
1028 1833 1098 1898 crit.

168 1949 247 2017 Non
272 1947 353 2014 enim
385 1967 403 2013 e
434 1948 534 2032 lapide
556 1963 586 2014 et
608 1947 716 2031 ligno,
755 1950 841 2031 quod
860 1947 1021 2014 verissime
1040 1950 1101 2033 aje-

167 2069 221 2134 bat
252 2066 358 2148 Plrto,
385 2063 430 2134 (ι)
461 2063 621 2131 confectae
645 2064 786 2131 civitates
809 2079 907 2146 suut,
929 2080 965 2131 ut
986 2063 1101 2130 machi·

169 2200 276 2249 narum
293 2180 391 2247 instar
407 2196 610 2249 moueantur:
634 2181 816 2247 hominibus
833 2196 991 2249 constant.
1020 2183 1100 2248 Sunt
1203 2197 1206 2202 ·

167 2313 270 2366 autem
300 2297 334 2363 hi
362 2297 465 2366 variae
483 2297 622 2379 indolis,
651 2302 804 2365 variarum
824 2296 1033 2381 facultatum,
1054 2299 1103 2365 di·

168 2414 419 2483 versissimorum
447 2433 595 2483 mutuum
615 2434 650 2482 ac
671 2416 858 2483 studiorum.
901 2415 966 2482 Alii
990 2417 1099 2482 adeas

168 2532 315 2618 regendas
343 2532 409 2616 apti
438 2548 535 2602 sunt:
567 2533 645 2600 alios
675 2549 706 2600 et
733 2534 826 2614 longe
851 2531 1012 2599 maximam
1031 2551 1102 2615 par·

169 2668 232 2721 tem
250 2651 316 2737 regi
335 2671 354 2718 a
372 2650 629 2735 prudentioribus
649 2665 797 2736 oportet:
827 2664 904 2719 sunt
925 2647 1022 2728 item,
1044 2647 1100 2729 qui

168 2769 318 2853 opitulari
338 2768 424 2852 illis,
444 2769 505 2835 hos
531 2785 633 2836 tutem
653 2772 797 2835 coercere
814 2766 971 2844 debeant,
992 2779 1100 2830 custo·

18 2889 22 2897 '
131 2902 134 2907 ·
169 2888 225 2954 des
252 2885 391 2954 civitatis
418 2904 453 2952 te
482 2884 633 2952 vindices.
683 2882 822 2964 Singulis
853 2879 915 2946 illis
946 2879 997 2947 sui
1025 2894 1099 2944 sunt

170 3022 296 3082 mores,
325 3022 401 3071 rure
429 2982 678 3088 propensiores:
702 2998 734 3064 in
758 2997 796 3063 iis
818 3012 942 3079 autem,
966 2997 1020 3082 qui
1051 3015 1101 3061 re·

171 3128 288 3198 guntur
314 3117 451 3185 infinitae
473 3117 540 3185 fere
565 3132 597 3183 et
628 3134 758 3184 numero
786 3131 818 3183 et
846 3134 956 3200 genere
981 3114 1101 3198 cupidi·

171 3245 251 3299 tates
279 3246 366 3300 sunt.
419 3233 511 3300 Hrnc
540 3233 701 3301 hominum
722 3234 754 3300 in
776 3233 901 3301 civitate
924 3232 1099 3300 varietatem

172 3352 349 3433 attendere,
381 3351 558 3437 perspicere
588 3350 786 3436 praesertim,
818 3350 1097 3432 quemadmodum,

173 3468 368 3536 moderandis
394 3448 665 3554 temperandisque
691 3467 913 3536 diversissimis
941 3465 1027 3531 hisce
1044 3466 1115 3530 lio-¹

174 3582 512 3655 minumfacultatibus
530 3604 561 3655 et
580 3586 714 3667 studiis,
736 3583 830 3651 saluti
854 3581 1033 3667 prospicere
1058 3582 1103 3648 ci·

173 3703 278 3770 vitatis
307 3706 418 3782 liceat,
448 3702 564 3772 frustra
593 3703 758 3772 conabitur
791 3719 887 3780 sane,
917 3699 972 3783 qui
1009 3698 1101 3765 animi

174 3821 300 3889 humani
328 3835 465 3886 naturam
503 3837 567 3886 non
600 3835 695 3887 totam
723 3816 941 3903 exploraverit.
985 3815 1099 3902 Quid?

1013 3934 1099 4014 quod

208 4072 248 4140 (1)
265 4075 337 4149 ⁸⁶1³?
350 4071 435 4128 Vlll.
451 4073 540 4128 initio.
