2896 5168
622 480 819 543 ..„,..

256 646 393 728 addicti,
424 661 507 711 certe
535 646 695 728 systemati
727 645 800 708 haec
833 662 891 709 suo
925 661 988 707 non
1020 658 1189 725 potuerunt

255 765 499 829 accommodare·
542 760 752 846 Quamobrem
782 763 831 825 vel
861 759 989 825 silentio
1013 762 1190 842 praetermi·
1270 738 1278 761 ’

255 895 366 947 serunt
388 879 462 958 illa,
486 880 560 959 vel,
583 898 654 943 cum
678 878 710 943 id
731 896 796 941 uon
817 877 949 957 liceret,
972 877 1191 960 intempestive

253 996 355 1059 alieno
376 997 447 1059 loco
470 994 740 1075 interposuerunt.
789 993 876 1081 Quid
896 993 995 1060 dicam
1017 994 1055 1057 de
1076 995 1188 1060 artium

255 1108 392 1175 omnium
415 1111 602 1175 laudatarum
627 1129 662 1175 ac
684 1110 916 1193 disciplinarum
940 1110 1188 1192 instauratione,

253 1226 344 1308 cujus
371 1242 481 1291 auctor
508 1227 595 1293 Plato
617 1225 700 1293 fuita
739 1230 777 1293 de
796 1246 882 1293 novo
904 1227 1039 1294 musicae
1059 1248 1093 1294 ac
1115 1235 1192 1311 pod-

253 1360 349 1421 seoa,
378 1343 418 1406 de
438 1360 524 1407 novo
547 1344 732 1425 geometriae
752 1363 787 1410 ac
809 1345 1011 1427 dialecticae,
1042 1345 1082 1409 de
1103 1364 1188 1412 novo

254 1458 473 1540 eloquentiae,
504 1459 568 1523 imo
596 1480 672 1525 vero
704 1462 743 1525 de
768 1479 855 1526 novo
885 1464 1018 1543 quodam
1040 1479 1070 1526 et
1092 1462 1190 1527 subli-

254 1575 352 1641 miore
366 1576 501 1654 ethicae,
526 1575 690 1656 politicae,
712 1578 789 1642 adde
810 1592 842 1642 et
862 1579 1038 1661 theologiae
1058 1596 1188 1661 genere,
1270 1550 1274 1561 ⁵

253 1694 340 1775 quod
361 1693 487 1775 scriptis
509 1694 648 1775 prodidit
670 1712 704 1758 ac
727 1693 894 1760 celebravit
915 1694 1006 1761 suisl
1026 1694 1187 1778 ldomue,

252 1810 344 1891 quale
364 1810 430 1889 sit,
461 1828 501 1875 ue
521 1810 674 1891 suspicari
696 1810 821 1891 quidem
843 1827 1004 1893 possunt,
1026 1826 1187 1893 quotquot

249 1944 315 1991 non
332 1941 419 1993 totos
441 1945 512 1992 sese
525 1942 556 1992 et
572 1926 697 2008 penitus
718 1927 750 1992 in
772 1942 900 1995 aetatem
911 1927 1049 1993 Platonis
1071 1926 1188 2010 ipsius·

251 2058 315 2122 que
336 2042 452 2123 scripta
474 2040 722 2107 insinuaverunt.
773 2042 855 2107 Sunt
876 2057 977 2108 autem
999 2044 1073 2107 haec
1093 2042 1186 2109 uobis

248 2155 470 2238 perdiligenter
498 2157 704 2238 attendenda,
735 2158 764 2222 si
794 2157 919 2238 quidem
941 2173 973 2225 et
992 2148 1187 2244 interpretari

248 2271 482 2356 philosophiam
512 2274 673 2354 Platonis,
709 2288 741 2338 et
772 2273 921 2339 ambitum
955 2276 1023 2360 ejus
1061 2293 1184 2341 omnem

250 2406 353 2457 mente
373 2390 562 2471 complecti,
591 2407 622 2456 et
644 2409 718 2456 vero
741 2390 893 2472 proficere
914 2390 986 2455 inde
1005 2393 1042 2457 ad
1063 2406 1185 2474 tempo·

249 2525 318 2572 rum
337 2520 517 2571 nostrorum
537 2524 628 2570 usum
648 2505 793 2571 velimus.
835 2506 917 2570 Nam
929 2505 1185 2572 desiderarehaec

248 2638 332 2689 actas
359 2622 635 2688 commutationem
660 2620 898 2704 philosophiae,
921 2621 999 2701 quin
1024 2622 1113 2686 etiarn
1136 2641 1187 2687 re·

249 2740 449 2805 novationem
484 2739 634 2818 quandam
674 2737 820 2817 videtur,
855 2751 890 2801 ut
920 2755 977 2801 nec
1009 2753 1184 2804 transscen-

248 2854 384 2920 dentalr's
402 2853 468 2934 sit,
490 2871 613 2934 nosque
633 2874 656 2917 a
672 2854 777 2938 priori
799 2853 974 2917 ratiocinari
995 2868 1031 2916 ac
1047 2868 1184 2920 statuere

251 2989 440 3053 pergamus,
470 2988 527 3035 uec
560 2989 634 3035 vero
664 2969 728 3049 sit,
750 2971 836 3052 quod
859 2967 993 3051 dicitur,
1014 2972 1183 3055 empirica,

250 3089 384 3167 solaque
422 3086 617 3151 contineatur
656 3084 873 3150 observatione
902 3104 1003 3151 rerum
1032 3090 1182 3170 externd3

169 3221 171 3225 ’
251 3204 329 3283 sed,
361 3203 488 3269 mediam
516 3219 624 3269 tenens
650 3204 838 3283 eandemque
862 3203 976 3285 regiam
1003 3202 1106 3284 viam,
1137 3206 1182 3270 sic

251 3321 419 3402 procedat,
451 3334 486 3383 ut
507 3316 632 3400 physici
654 3317 810 3397 hodieque
839 3319 964 3398 solent,
988 3318 1043 3400 qui
1068 3340 1091 3383 a
1116 3336 1184 3406 por·

250 3439 362 3501 teriori
381 3437 574 3517 exquirunt,
600 3435 677 3516 quid
704 3456 725 3498 a
747 3437 852 3521 priori
876 3433 942 3513 sive
963 3433 1048 3499 intus
1076 3434 1108 3498 in
1136 3455 1184 3500 re·

250 3571 317 3615 rum
340 3556 450 3617 natural
480 3554 591 3633 lateat,
639 3552 712 3616 hinc
741 3566 844 3615 autem
872 3551 1025 3633 explicare
1054 3567 1181 3618 naturae

250 3671 459 3751 phaenomena
485 3685 650 3735 conantur.
685 3662 801 3753 'Quod
817 3670 1076 3748 quemadmodum
1093 3671 1183 3736 insti-

250 3787 397 3851 tuendum
423 3783 455 3851 in
479 3786 613 3850 animum
637 3786 805 3850 humanum
835 3805 870 3850 ac
901 3788 1048 3851 mundum
1070 3787 1183 3853 intelli·

251 3901 375 3979 gibilem
408 3916 438 3966 ct
463 3904 607 3966 moralem
639 3900 699 3978 ait,
743 3900 882 3983 quidque
901 3900 973 3967 inde
988 3902 1026 3967 ad
1046 3903 1181 3971 indolem

250 4016 385 4091 huminis
412 4038 445 4082 ac
474 4020 627 4083 naturales
659 4016 822 4082 facultates
845 4033 876 4082 ct
896 4019 1127 4101 cognoscendas
1149 4034 1185 4084 et

1109 4154 1178 4218 pcr-
