2896 5168
539 483 727 545 ..14,-

178 667 266 728 mus,
295 649 372 714 illud
400 643 598 729 potissimum
627 641 924 708 animadvertendum
953 657 1020 721 est,
1051 661 1097 708 re·

175 767 238 848 peti
269 765 307 829 ab
338 783 376 829 eo
404 759 676 828 commutationem
707 760 788 823 iilam
820 752 964 840 proxime
989 777 1097 824 cuma

176 881 310 945 musicae
328 896 421 960 atque
448 875 654 944 institutionis
679 874 807 959 puerilis
836 875 1001 957 neglectu,
1028 889 1096 943 tum

62 1066 71 1085 .
177 997 267 1060 etiam
289 996 381 1073 inde,
406 996 491 1076 quod
515 1011 624 1074 genera
650 992 833 1072 hominum,
865 1009 942 1073 quae
969 991 1001 1056 in
1027 1012 1097 1073 per·

175 1110 256 1177 fecta
277 1111 432 1194 republica
453 1125 535 1175 recte
556 1124 639 1174 erant
660 1106 824 1186 distincta,
842 1110 1093 1173 commiscentur.

177 1227 287 1293 Musas
315 1228 408 1311 igitur
431 1228 505 1291 haec
532 1225 684 1290 continuo
710 1225 844 1289 dicentes
871 1223 1006 1289 inducit:
1036 1242 1095 1290 nos

176 1342 289 1407 iccirco
305 1341 459 1426 negligere
480 1344 627 1407 custodes
647 1339 818 1422 incipient,
841 1339 987 1404 musicam
1008 1355 1095 1418 non,

176 1473 211 1524 ut
231 1460 342 1536 dccet,
363 1476 467 1539 neque
488 1456 707 1540 gymnasticam
728 1470 890 1519 curantes:
911 1454 1097 1537 undecimou-

175 1576 283 1657 adrapar
310 1573 385 1637 fient
403 1574 531 1655 juvenes
555 1571 667 1635 nostri.
719 1571 793 1634 Inde
816 1584 916 1633 autem
938 1566 1094 1650 principes
1173 1623 1176 1632 .

173 1686 404 1752 constituentur
428 1687 685 1768 negligentiores,
710 1702 800 1764 quam
821 1685 930 1761 decet,
953 1683 992 1746 ad
1012 1695 1096 1748 recte

172 1800 432 1880 discernendum,
455 1800 570 1880 quibus
591 1799 735 1882 gerundis
755 1799 847 1862 rebus
869 1796 985 1881 singuli
1006 1797 1092 1864 cives

172 1922 280 1984 natura
307 1917 370 1983 sint
397 1917 481 1998 apti:
512 1934 576 1997 quo
602 1912 889 1997 neglecto,omnia
913 1913 1091 1981 incivitate

157 2032 388 2114 'perturbentur
405 2050 530 2098 necesse
548 2048 607 2098 est.
632 2032 674 2098 ul

372 2267 427 2333 Da
456 2271 702 2333 timueratia
731 2285 768 2335 ct
795 2271 883 2335 uiro

490 2389 753 2452 timueratico.

211 2615 451 2698 Aristocratiae,
476 2638 566 2700 quam
591 2618 737 2701 optimam
766 2619 843 2684 dixit
872 2620 959 2686 Plato
982 2622 1089 2689 civita·

167 2747 249 2812 tem,
278 2733 418 2817 proxime
440 2733 557 2798 accedit
576 2734 615 2798 de
634 2738 701 2819 ejus
724 2735 875 2800 sententia
896 2737 1083 2802 timocraria:

169 2849 332 2929 utriusque
363 2862 464 2914 autem
499 2849 661 2914 discrimen
692 2865 727 2914 ut
753 2866 834 2915 recte
866 2853 1085 2937 perspiciatur,

168 2962 206 3025 de
226 2961 363 3043 perlecta
387 2961 439 3026 illa
461 2963 617 3044 republica
638 2965 698 3029 hoc
717 2966 789 3029 item
809 2968 972 3031 tenendum
993 2969 1085 3035 nobis

165 3094 224 3143 est.
267 3079 331 3162 Qui
361 3076 530 3144 defendunt
557 3099 620 3143 eam
654 3098 686 3146 et
717 3096 849 3163 regunt,
882 3086 1027 3151 custodes
1048 3106 1084 3152 ac

165 3192 384 3275 magistratus,
404 3193 462 3258 hos
483 3195 584 3259 noluit
596 3195 682 3277 ipsos
695 3197 736 3260 rei
748 3195 888 3264 familiari
900 3202 1081 3282 consulare3

164 3322 302 3373 caeteros
324 3310 417 3393 jussit
442 3312 526 3376 cives
547 3312 644 3378 victui
665 3300 991 3398 eorum-prospiceres
1015 3334 1081 3384 tum

162 3445 236 3491 vero
257 3425 410 3491 universis
431 3427 533 3493 voluit
554 3447 625 3494 cum
646 3448 743 3511 opes,
770 3444 834 3495 tum
856 3451 968 3497 uxores
991 3433 1080 3499 etiam
1138 3430 1140 3434 ’

163 3558 194 3608 et
214 3543 329 3608 liberos
346 3563 526 3609 communes
544 3564 627 3611 csse.
671 3546 841 3628 inquibus
862 3550 982 3630 placitis
1004 3552 1082 3615 mul·

163 3677 216 3739 aa,
239 3659 356 3740 fateor,
378 3675 546 3727 occurrunt
568 3663 699 3728 absurda
721 3679 907 3746 naturaeque
932 3658 1079 3734 humanae

161 3777 383 3858 repugnantia,
413 3791 575 3858 propterea
602 3779 750 3860 quidem,
784 3782 869 3862 quod
886 3782 934 3846 ad
958 3785 1078 3851 ciuilem

1043 3921 1077 3966 ea

195 4037 235 4104 ir)
254 4039 378 4105 DaRep.
396 4034 481 4088 vill.
498 4032 558 4088 546.
571 4034 603 4085 Β.
615 4054 646 4074 ·
661 4033 721 4104 547·
734 4040 768 4088 Δ.
