2896 5168
757 467 933 547 -46·.-

382 645 463 712 mico
491 644 559 711 siue
588 647 677 729 justo
710 646 778 711 siue
809 646 927 731 injusto
953 649 1191 734 notereuelit,
1219 669 1253 717 se
1276 653 1309 717 id

380 765 492 829 iacere.
536 767 691 830 Asseruut
721 763 862 848 quippe,
896 764 984 831 Deos
1015 783 1065 832 se·
1085 785 1158 834 cunr
1188 767 1309 835 biandi-

379 880 514 964 mentis,
557 885 625 946 tunt
662 880 796 947 vinculis
837 881 1003 965 inducere,
1035 897 1076 949 ut
1092 884 1163 951 sibi
1195 872 1228 950 in
1258 884 1309 951 his

377 996 606 1079 obsequuntur.
648 995 699 1063 Ad
729 998 802 1062 hoec
841 997 947 1064 omnia
982 1012 1143 1081 poetarum
1176 998 1311 1068 afferunt

376 1111 484 1193 dictu,
503 1111 706 1180 Homericum
727 1112 881 1180 maxime:

676 1317 722 1334 -
741 1284 862 1368 susurri
883 1285 915 1354 δέ
935 1309 976 1389 ys
996 1289 1047 1354 arai
1068 1289 1124 1356 oso
1145 1292 1243 1361 sosoi.
1263 1285 1306 1359 (⁸)

376 1461 495 1532 Libros
510 1461 589 1527 adeo
611 1460 735 1530 Musaei
755 1475 787 1528 et
806 1462 927 1548 Orphei
936 1462 1183 1545 circumferunt,
1197 1484 1310 1535 setun·

375 1583 449 1649 duur
473 1583 555 1664 quos
578 1597 665 1647 sacra
692 1580 871 1662 eelebrent,
901 1582 1121 1666 persuadentes
1153 1600 1219 1651 nun
1245 1584 1309 1670 pri·

374 1699 458 1768 vatis
485 1701 616 1780 sulum,
652 1698 837 1765 sedetiam
876 1698 1084 1783 civitatibus,
1114 1698 1308 1786 expiationes
1373 1785 1378 1795 ι

374 1819 525 1886 scelerum
558 1834 616 1900 per
646 1814 798 1883 sacrificia
834 1818 1044 1901 ludorumque
1083 1817 1309 1886 oblectamenta

372 1932 442 2003 fieri
468 1949 530 1998 tam
563 1933 744 2023 viventibus
772 1951 866 2015 quum
895 1936 1050 2018 mortuis3
1082 1937 1309 2019 praetermissis
1347 1958 1350 1963 ’

370 2068 450 2116 sero
471 2048 654 2131 sacrificiis,
679 2049 868 2134 gunianus
898 2067 1032 2117 manere.
1075 2051 1163 2117 Haec
1180 2053 1307 2137 omnia,

299 2200 302 2205 ·
372 2165 1095 2248 oSocrstes,taliaactanta,·deuirtute·ac
1113 2167 1306 2253 ritio,‹ieo·
1366 2249 1369 2253 ¹

250 2268 256 2279 ’
371 2285 506 2368 rumque
527 2296 567 2349 et
592 2283 756 2350 hominnm
784 2284 824 2348 de
851 2281 901 2349 his
938 2281 1168 2350 existimatione
1198 2282 1305 2350 ferun·

168 2482 176 2495 ³
214 2405 221 2415 “
260 2476 262 2480 ⁸
372 2414 446 2483 tur;
474 2399 552 2484 quid
582 2418 659 2466 uero
693 2415 842 2483 putemus
869 2412 998 2468 acturos
1032 2400 1108 2468 haee
1142 2401 1303 2470 audientes

368 2519 520 2604 iuuenum
543 2516 689 2599 animos,
716 2513 773 2599 qui
792 2515 926 2582 solertes
945 2515 1074 2601 iugenio
1096 2531 1129 2584 et
1143 2517 1183 2585 ud
1202 2517 1307 2586 omnia

370 2634 453 2702 dieta
473 2633 571 2701 ueluti
591 2633 790 2713 involantes,
818 2651 861 2700 en
877 2632 917 2699 iis
943 2651 1024 2717 quae
1040 2633 1190 2701 dicuntur
1208 2634 1304 2702 retio-

346 2751 470 2819 'cinuai
499 2762 659 2835 possunt,
692 2752 813 2833 qualem
842 2767 914 2818 eum
939 2768 1010 2817 esse
1029 2753 1137 2819 deceat
1158 2766 1191 2818 et
1210 2770 1304 2837 quam

371 2853 453 2937 inm
478 2866 624 2952 ngredi,
651 2867 707 2951 qur
735 2867 856 2952 opums
883 2866 1098 2959 vitamfagate
1140 2868 1194 2938 sic
1214 2867 1306 2937 neue

372 2983 446 3067 quis
475 2985 624 3068 loquetur
648 2999 755 3050 secum
783 2985 955 3053 secundum
985 2985 1168 3054 Pindarum:
1213 2988 1306 3055 ardu·

371 3118 461 3167 amne
479 3101 519 3166 ad
533 3100 676 3186 iustitiae
690 3120 792 3168 arcem
812 3100 893 3169 uiam
913 3100 1092 3186 ingrediar,
1112 3116 1150 3169 ut
1170 3100 1218 3169 sic
1236 3118 1324 3171 mu·.

371 3218 458 3285 nitus
478 3232 563 3283 recte
578 3216 704 3299 vivam,
728 3237 769 3285 an
786 3219 827 3285 sd
848 3218 975 3287 fraudes
993 3237 1043 3286 me
1065 3219 1212 3304 obliquus
1227 3237 1307 3289 con·

370 3333 514 3405 vertum?
562 3335 672 3419 Nam,
704 3336 788 3402 sicut
813 3337 923 3420 ajunt,
949 3338 1040 3419 justo
1063 3335 1163 3419 mihi,
1185 3336 1214 3404 si
1238 3352 1304 3403 non
1403 3314 1410 3327 ⁹

121 3435 125 3444 ¹
263 3453 266 3459 ⁴
368 3455 497 3534 videar,
535 3452 616 3520 nihi
636 3452 753 3518 'virtus
783 3451 947 3534 proderit,
985 3465 1096 3520 contra
1122 3452 1245 3521 labores
1272 3468 1305 3518 et

369 3591 489 3656 poenae
508 3568 646 3652 insttut;
678 3567 799 3657 injusto
819 3585 919 3650 vero,
952 3568 981 3634 si
1005 3570 1146 3655 justitiae
1168 3568 1305 3652 speciem

368 3691 523 3769 induero,
546 3687 612 3755 vita
634 3685 741 3753 futura
761 3682 865 3750 diuina
883 3699 944 3755 est.
986 3687 1212 3774 Quapropter,
1230 3702 1304 3750 cum

368 3809 512 3891 species,
535 3822 572 3873 ut
593 3806 681 3890 ajunt
702 3800 885 3885 sapientes,
906 3801 1067 3870 veritatem
1088 3801 1192 3867 vincat
1211 3813 1307 3884 atque
1383 3852 1388 3857 .

1268 3918 1307 3985 sd

319 4016 330 4031 ·
402 4072 447 4172 r,
466 4000 675 4137 ma.
