2896 5168
667 434 856 504 ...135-

293 600 335 666 tis
357 598 533 667 hominibus
551 614 654 681 essct,
675 600 885 685 metaphysica
906 617 971 667 non
988 612 1107 668 tantum
1125 605 1215 672 Aris·

293 718 418 799 tutelis,
451 718 506 783 sed
529 718 628 783 multo
661 717 757 800 magis
786 718 875 783 etiam
908 717 1031 801 placitis
1069 717 1215 786 effectum

291 834 551 916 philosophorum
578 848 650 911 est,
673 832 788 912 quibus
817 834 963 899 illustrari
985 835 1071 898 Plato
1089 835 1213 923 videba-

290 963 365 1028 tur,
387 969 485 1030 quum
511 961 615 1013 essent
635 965 741 1030 reapse
760 947 798 1013 ab
819 951 885 1032 ejus
906 949 1108 1033 philosophia
1140 949 1214 1017 alie·

288 1084 350 1145 na3
372 1065 502 1130 accessit
521 1076 623 1128 autem
649 1081 753 1129 sacrae
782 1066 939 1132 doctrinae
958 1081 1083 1131 nostrae
1104 1079 1213 1132 aucto·

287 1181 374 1246 ritas.
416 1180 453 1245 In
472 1197 591 1242 morum
613 1176 774 1259 disciplina
801 1183 954 1246 tractanda
972 1181 1118 1247 mondum
1148 1203 1212 1249 mo·

284 1297 384 1360 ralcm
414 1306 618 1358 memorarunt
655 1292 722 1359 fere
762 1296 963 1363 recentiores.
1008 1297 1207 1381 Distinguere

284 1411 367 1475 hunc
387 1430 405 1475 a
430 1410 550 1497 physico
570 1408 681 1474 meando
702 1428 765 1475 non
790 1412 909 1477 minore
933 1413 1091 1492 diligentia
1109 1415 1204 1482 ilem·

279 1526 454 1591 sterhusius
484 1526 624 1608 studuit,
665 1546 754 1606 quam
783 1529 871 1594 Plato
899 1531 938 1595 ab
967 1535 1061 1615 ὁρατῷ
1087 1534 1203 1598 mundo

277 1649 328 1716 m
357 1648 455 1722 νοητὸν
483 1641 687 1708 distinxerat:
718 1643 921 1737 similiterque
950 1645 978 1711 is
1012 1646 1044 1711 in
1075 1648 1216 1731 homine¹

277 1777 427 1842 organum
453 1756 648 1838 exploravit,
693 1775 757 1838 quo
786 1775 835 1822 res
867 1759 1020 1839 morales,
1042 1774 1079 1826 ut
1105 1763 1200 1825 oculo

276 1872 443 1956 physicas,
461 1872 609 1956 percipit.
627 1900 672 1964 (1)
715 1873 759 1937 Et
775 1890 850 1938 vero
871 1873 983 1954 pariter
1003 1890 1061 1939 nos
1079 1874 1195 1957 jussit,

274 1983 301 2049 si
330 1986 405 2065 quid
425 1987 543 2067 justum
565 1986 628 2066 sit,
659 1988 733 2069 quid
752 1987 893 2068 bonum,
929 1988 1005 2069 quid
1024 1991 1193 2072 pulcrum,

272 2103 422 2167 vellemus
447 2103 628 2183 explorare,
661 2104 768 2167 relicto
796 2103 957 2186 spectabili
984 2105 1121 2188 mundo,
1160 2107 1195 2176 in

272 2217 417 2282 moralem
452 2217 540 2281 illum
565 2218 739 2282 escendere.
773 2216 817 2279 (a)
869 2220 1088 2300 coniecturam
1120 2222 1195 2289 hinc

269 2349 379 2417 capere
413 2332 446 2397 in
473 2345 600 2416 promtu
626 2345 712 2411 erat,
749 2332 1007 2412 quemadmodum
1038 2353 1069 2400 et
1101 2338 1191 2407 τόπον
1260 2416 1264 2423 ,

267 2449 355 2521 illum
388 2449 469 2531 apud
498 2449 656 2514 Platonem
692 2453 788 2526 oraclo
818 2462 850 2513 et
882 2465 958 2513 vero
984 2451 1106 2543 ὄργανον
1136 2462 1191 2531 τῆς

266 2574 391 2651 ψυχῆς,
425 2565 511 2644 quod
540 2579 713 2644 memorat,
743 2565 936 2646 interpretari
973 2583 1033 2631 nos
1064 2585 1191 2650 oporte·

264 2698 323 2749 ret.
367 2683 410 2748 Et
441 2679 563 2759 fateor,
582 2681 729 2763 juvenem
760 2697 810 2745 me
835 2697 906 2743 cum
933 2679 1063 2746 aliorum
1086 2683 1190 2765 philo-

262 2799 458 2882 sophorum,
491 2812 556 2862 tucn
584 2793 814 2862 Hemsterhusii
843 2794 875 2860 in
907 2795 957 2860 his
981 2798 1102 2880 placitis
1134 2818 1187 2866 ex·

260 2915 414 2998 ponendis
439 2912 629 2978 sublimitate
654 2911 841 2992 abreptum,
864 2912 901 2975 ad
932 2930 1038 2979 eorum
1060 2930 1185 2982 senten·

259 3030 333 3097 tiam
365 3026 553 3095 Platonicam
579 3023 750 3086 doctrinam
776 3026 1039 3109 accommodatum
1071 3030 1179 3097 ivisse.

256 3145 389 3221 Postea,
411 3153 448 3204 ut
471 3157 490 3205 e
521 3135 647 3219 scriptis
670 3137 760 3200 unice
781 3135 919 3201 Platonis
942 3137 1041 3218 ipsins
1070 3146 1181 3222 placita

256 3257 409 3341 explicaro
439 3267 576 3323 coriatus·
591 3270 686 3330 sum,
709 3250 823 3314 erroris
845 3268 893 3315 nre
912 3252 970 3315 mei
995 3255 1171 3338 poenituit:

252 3374 441 3456 distinguere
470 3389 488 3435 a
525 3366 750 3434 recentioribus
785 3365 833 3430 his
865 3366 1070 3451 ,philosophis
1099 3374 1177 3438 anti·

254 3489 463 3569 quantillum
493 3482 607 3563 didici,
627 3482 777 3560 visusque
812 3479 887 3545 milri
921 3500 991 3548 sum
1019 3488 1176 3570 perspice-

231 3620 309 3686 w,
337 3603 600 3669 meae-Platonem
621 3599 659 3669 ad
689 3596 848 3663 veritatem
878 3598 1005 3680 verique
1033 3604 1172 3673 studium

249 3720 396 3791 mulsae
421 3715 535 3793 omnia.
587 3713 667 3779 Nam
694 3731 805 3778 sensus
839 3715 963 3779 moralis
993 3717 1054 3783 nisi
1083 3721 1165 3787 idem

1121 3859 1171 3901 νι-

270 3966 685 4050 (altmonoaeuompaal.
696 3962 761 4019 vol.
773 3963 798 4018 Ι.
810 3976 866 4035 ῐῃ.
878 3963 926 4035 (a)
935 3964 983 4023 ld.
997 3968 1059 4025 Vol.
1073 3972 1163 4029 lha‘o.
