2896 5168
725 475 903 536 ..3ο-

351 652 415 704 tum
437 637 544 717 abest,
587 652 622 703 ut
644 656 721 702 suus
750 639 898 704 habeatur
916 635 1056 720 justitiae
1083 638 1210 720 honos,
1244 655 1279 706 ut

272 744 279 759 ¹
346 754 475 838 injusti,
504 756 558 836 qui
585 757 658 821 item
680 753 782 821 callidi
804 770 901 834 sunt,
941 755 974 820 in
996 756 1119 823 coelum
1138 755 1277 823 ferantur

345 871 512 953 laudibus,
544 887 782 938 contemnantur
814 891 890 937 vero
916 872 995 957 justi
1029 892 1065 939 ac
1106 873 1274 943 rideantur.

345 988 390 1054 Et
410 1006 484 1053 vcro
518 988 596 1054 nihil
621 987 757 1052 accidere
789 987 822 1050 in
850 987 912 1052 vita
938 987 1077 1054 crebrius
1111 989 1276 1072 videmus,

344 1125 436 1187 quam
464 1119 500 1169 ιιι
523 1104 650 1188 injustis
677 1103 776 1183 bene,
795 1103 893 1187 justis
921 1107 999 1169 male
1027 1107 1082 1171 sit.
1134 1107 1275 1188 Verum,

343 1236 399 1300 ut,
421 1221 548 1304 cognita
569 1224 700 1300 caussa,
721 1240 784 1285 rem
811 1219 1015 1304 dijudicemus
1043 1238 1147 1304 recte,
1169 1224 1275 1306 ipsum

342 1337 502 1402 audiamus
528 1337 819 1418 Thrasymachum,
858 1339 892 1401 in
921 1338 1045 1403 Politia
1074 1341 1212 1406 Platonis
1244 1357 1275 1408 et

342 1453 401 1517 ista
426 1467 457 1518 et
484 1453 542 1519 alia
572 1454 685 1534 placita
710 1452 964 1537 profundentem.

381 1572 417 1637 In
436 1571 560 1655 dialogo
577 1572 694 1651 hocce,
718 1591 809 1653 quem
837 1572 876 1636 de
898 1573 958 1636 hoc
979 1572 1050 1654 ipso
1070 1584 1274 1655 argumento,

338 1689 377 1754 de
407 1689 529 1774 justitia
559 1705 590 1754 et
620 1686 766 1755 felicitate
800 1687 1011 1773 philosophus
1044 1687 1194 1771 scripsit,
1237 1704 1274 1754 ut

337 1823 552 1874 convenerunt
571 1807 603 1871 iu
624 1806 758 1888 Cephali
779 1807 865 1871 serris
885 1809 997 1886 aedes,
1030 1805 1087 1890 qui
1108 1805 1141 1871 in
1161 1803 1269 1872 Piraeo

338 1924 515 2003 habitabat,
537 1942 608 1989 curu
628 1922 680 1987 alii
698 1922 809 2000 multi,
831 1940 896 1986 tum
915 1925 1058 1989 Socrates
1078 1938 1108 1986 et
1127 1922 1270 2002 Glauco,

338 2040 482 2104 oriuntur
501 2041 653 2102 continuo
675 2040 714 2102 de
730 2038 872 2119 justo'et
890 2037 929 2100 de
945 2036 1069 2119 justitia
1089 2053 1268 2117 sermones,

335 2157 368 2222 in
396 2156 513 2237 quibus
543 2154 675 2237 primum
705 2152 980 2235 Thrasymachus,
1006 2168 1073 2221 tum
1103 2152 1172 2236 ipse
1197 2173 1268 2220 cum

333 2273 499 2340 Glaucone
520 2286 550 2337 et
573 2271 739 2337 Adimanto
769 2271 912 2335 Socrates
935 2284 1039 2351 partes
1061 2269 1183 2336 dicendi
1207 2288 1271 2337 ma·

334 2390 416 2454 xime
434 2389 541 2455 habet.
583 2389 664 2452 Nam
682 2401 884 2470 posteaquam
900 2406 971 2452 curn
991 2386 1180 2469 Simonidis,
1199 2403 1265 2455 tum

334 2507 465 2574 aliorum
499 2506 530 2570 in
558 2504 709 2589 justitiam
737 2504 817 2570 dicta
844 2504 1085 2587 interrogando,
1126 2524 1163 2573 ut
1186 2507 1269 2572 sole·

333 2623 412 2702 bat,
445 2624 617 2705 exploravit
639 2622 803 2701 Socrates,
835 2621 1090 2704 Thrasymachus
1112 2624 1196 2690 hunc
1214 2629 1269 2692 de·

334 2757 460 2823 repente
485 2755 517 2805 et
543 2738 605 2818 ira,
639 2753 675 2801 ut
696 2737 886 2820 apparebat,
921 2740 1146 2804 excandescens
1173 2741 1265 2824 plane

332 2857 530 2942 aggreditur:
553 2859 702 2938 nullaque
718 2871 857 2921 retentus
872 2856 1077 2939 verecundia,
1100 2857 1176 2939 quid
1196 2875 1267 2924 seu·

334 2975 390 3040 titt
411 2977 449 3040 de
469 2974 608 3059 justitia,
635 2975 731 3039 libere
752 2986 784 3040 et
805 2976 904 3058 palam
932 2973 1110 3058 profitetur.
1153 2975 1266 3043 Excla-

334 3111 421 3157 mans
447 3092 543 3173 igitur
568 3093 746 3172 continuo,
778 3112 857 3173 quae
877 3111 955 3172 vos,
979 3113 998 3156 o
1021 3082 1184 3174 Socrates,
1215 3092 1263 3159 in·

335 3209 426 3290 quit,
471 3206 622 3272 dementia
655 3223 760 3282 tenet,
793 3210 937 3274 cedentes
978 3210 1070 3277 vobis
1108 3210 1264 3277 invicem?

331 3324 456 3408 Quodsi
487 3342 592 3388 revera
622 3342 717 3388 nosse
746 3325 838 3407 cupis
867 3327 988 3408 justum
1024 3327 1101 3406 quid
1130 3328 1194 3406 sit,
1222 3346 1262 3392 ne

331 3444 486 3524 interroga
515 3441 616 3505 solum
641 3458 720 3505 neve
741 3440 864 3505 vincere
888 3443 1076 3524 concupisce
1099 3445 1265 3528 reprehen-

330 3559 455 3640 dendo,
478 3574 645 3643 postquam
677 3558 737 3622 tibi
762 3576 946 3638 responsum
966 3559 1060 3626 fuerit
1080 3587 1127 3607 ···
1148 3561 1180 3625 id
1204 3559 1265 3624 sci·

330 3675 402 3740 licet
433 3694 563 3756 remens,
597 3672 722 3740 facilius
750 3692 820 3741 esse
852 3679 1062 3762 interrogare,
1095 3694 1187 3758 quam
1214 3694 1263 3741 re·

332 3796 485 3874 spondere
504 3830 551 3846 -
571 3793 627 3857 sed
650 3809 684 3857 tu
708 3794 775 3876 ipse
798 3797 950 3875 responde
976 3816 1011 3860 ac
1027 3795 1099 3873 dic,
1124 3812 1263 3875 quaeso,

331 3912 408 3992 quid
429 3929 498 3974 esse
515 3912 634 3994 justum
657 3910 834 3974 existimes:
880 3929 935 3974 nee
960 3928 1035 3974 vero
1058 3909 1132 3974 mihi
1154 3910 1262 3988 dicas,
1326 3899 1327 3903 ¹

329 4045 398 4094 esse
432 4026 509 4090 illud
539 4024 622 4110 quod
650 4042 787 4114 oportet,
822 4029 870 4092 vel
902 4025 985 4111 quod
1012 4027 1088 4090 utile
1117 4043 1178 4110 cst,
1211 4031 1261 4093 vel

1182 4149 1264 4232 quod
