2896 5168
639 486 873 569 ·¹⁴··.

251 648 320 729 jora
345 649 550 729 praeparatio.
615 650 724 716 Patere
745 650 827 717 enim
852 649 1021 716 hominiad
1046 663 1189 717 sanctum

252 763 456 847 divinumque
485 767 602 833 aditum
631 783 743 851 negat,
767 768 830 835 nisi
851 764 919 834 veri
939 768 1052 835 ductus
1080 785 1185 833 amore

252 883 290 947 ad
319 901 427 964 puram
464 883 742 967 intaminatamque
777 884 940 953 veritatem
972 884 1185 964 sinceramque

252 997 397 1066 virtutem
432 1020 467 1067 ac
498 1002 676 1086 iustitiam,
715 1002 782 1067 sive
810 1019 984 1083 praseae,
1023 1000 1092 1067 sive
1127 1018 1184 1084 per

252 1129 333 1181 artes
371 1114 614 1197 disciplinasque
649 1118 782 1201 majores
826 1118 1034 1201 processerit:
1075 1119 1185 1185 statuit

252 1248 348 1311 vero,
382 1247 448 1311 quo
471 1235 543 1313 quis
567 1233 698 1318 majores
721 1233 778 1298 hac
809 1232 841 1298 in
875 1253 908 1299 re
931 1251 1116 1316 progressus
1137 1234 1185 1300 fe·

252 1346 351 1427 serit,
383 1364 421 1411 eo
449 1347 534 1413 illum
562 1345 686 1414 facilius
717 1350 896 1434 certiusque
932 1350 971 1417 ad
1007 1350 1090 1417 vitae
1115 1369 1184 1417 mo·

253 1482 386 1546 rumque
410 1466 604 1532 sanctitatem
632 1467 813 1551 pervenire:
845 1469 884 1534 ad
911 1468 1111 1534 illudentem
1134 1486 1184 1534 as.

254 1581 445 1664 sequendum
477 1600 605 1649 necesse
635 1583 697 1666 ipsi
720 1602 811 1665 esse,
843 1600 880 1651 ut
901 1588 970 1649 slve
988 1584 1092 1650 Deum
1113 1583 1181 1652 siae

252 1696 381 1780 perfecti
398 1699 554 1782 hominis,
581 1701 747 1786 justissimi
762 1701 922 1786 cujusdam
943 1715 975 1767 et
992 1699 1181 1768 sanctissimi

220 1900 226 1909 Ι
251 1814 438 1900 imaginem,
467 1819 642 1899 exemplum
662 1818 724 1883 sibi
744 1819 782 1883 ad
801 1817 983 1882 imitandum
1004 1835 1179 1900 proposue-

251 1933 307 1999 rit.
358 1933 459 2012 Prope
487 1932 601 1997 iccirco
625 1950 735 1997 sumus
759 1949 813 2013 per
832 1932 1071 2014 philosophiam
1099 1931 1180 2014 justi

251 2048 291 2113 ad
317 2051 409 2120 elam
434 2045 485 2112 illa
507 2061 538 2112 et
558 2051 708 2118 tramissi
733 2047 910 2128 accessum
940 2046 997 2115 sed
1021 2064 1059 2111 eo
1085 2046 1178 2114 nobis

252 2162 350 2247 magis
387 2161 419 2228 iu
457 2163 490 2228 id
529 2162 769 2230 incumbendum
795 2176 870 2245 est,
908 2178 944 2229 ut
973 2162 1080 2229 lucido
1111 2181 1179 2229 cam

245 2265 362 2347 ⁴ordine
390 2296 422 2345 et
448 2298 523 2345 vcro
549 2280 607 2344 hac
631 2280 683 2346 via
708 2294 738 2346 et
765 2281 885 2347 ratione
914 2281 1094 2360 tradamus,
1118 2300 1179 2363 qua

252 2398 290 2463 ad
326 2397 429 2462 omnis
459 2395 678 2479 philosophiae
716 2396 808 2465 finem
837 2417 992 2464 summum
1015 2396 1177 2480 pervenire

249 2513 424 2580 certissime
443 2513 537 2581 nobis
557 2514 660 2580 liceat.

500 2746 558 2812 De
589 2751 727 2812 animi
757 2762 934 2815 natura.

295 2983 485 3051 Ordiendum
519 2985 612 3050 nobis
643 2987 747 3050 denuo
769 2999 801 3050 et
821 2985 873 3053 hlc
893 2984 1017 3068 quidem
1046 2983 1176 3053 maxime

251 3119 268 3164 a
288 3099 446 3166 nobismet
467 3100 545 3181 ipsis
565 3115 597 3165 et
619 3101 711 3167 animi
732 3101 833 3167 nostrl
852 3103 961 3169 natura
978 3099 1049 3167 erit.
1092 3101 1174 3168 Nam

253 3217 539 3297 quomodocunque
566 3216 604 3281 de
636 3218 701 3284 vita
728 3217 817 3285 beata
847 3219 1082 3286 existimandum
1103 3237 1177 3285 cen·

251 3353 397 3414 scamus,
419 3333 484 3400 sive
498 3390 500 3394 Α
514 3352 579 3398 eam
611 3354 628 3399 a
655 3334 788 3418 physici
809 3333 965 3414 hominis,
999 3354 1090 3417 quam
1115 3352 1174 3400 vo·

250 3466 344 3531 cant,
377 3451 443 3517 sive
470 3471 488 3515 a
518 3450 625 3516 morali
655 3452 835 3516 conditione
857 3450 1110 3532 repetiverimus‚
1138 3468 1174 3517 ut

176 3626 182 3636 .
249 3583 333 3632 recte
351 3569 389 3632 de
407 3586 442 3632 re
460 3565 642 3650 gravissima
656 3567 852 3652 judicemus,
873 3564 950 3648 quid
972 3567 1092 3652 justitia
1110 3567 1174 3645 sit,

251 3685 435 3767 qualemque
458 3702 527 3750 esse
549 3684 704 3749 hominem
726 3679 897 3766 perfectum
926 3695 1093 3765 oporteat,
1121 3682 1176 3747 de·

243 3803 315 3869 ¹dita
351 3806 446 3884 opera
485 3801 707 3884 exquirendum
749 3813 809 3864 est·
860 3796 1039 3879 Utrumque
1069 3812 1171 3863 autem

250 3917 425 3999 declarare,
455 3917 516 3984 nisi
550 3917 642 3983 animi
671 3931 809 3982 naturam
839 3913 1104 3999 exploraverimus
1126 3933 1175 3981 sa·

250 4035 312 4114 tis,
338 4028 408 4108 mon
435 4052 616 4116 possumus.
672 4032 737 4125 Hic
766 4050 840 4098 uero
869 4035 962 4114 longe
994 4030 1172 4115 ampliorem

1108 4151 1173 4232 ple·
