2896 5168
623 500 816 579 ..233-

253 698 380 768 tumque
400 679 542 747 dicimus.
597 677 701 764 Atqui
719 683 746 744 si
765 677 873 762 pulcer
894 693 937 742 est
959 679 1009 742 hie
1032 680 1185 762 mundus,

254 805 282 867 si
298 800 411 888 probus
432 798 499 881 ejus
518 797 667 869 artifex:
684 795 823 883 profecto
841 798 966 881 speciem
988 798 1188 863 aeternitatis

256 919 383 984 imitari
409 915 543 978 maluit:
587 917 636 977 sin
660 934 764 988 secus,
795 911 934 997 quodne
957 910 1044 977 dictu
1063 913 1186 999 quidem

250 1033 308 1120 sat
329 1047 396 1111 est,
437 1045 622 1115 generatam
645 1031 815 1116 exemplum
846 1044 890 1093 est
910 1046 970 1117 pro
993 1046 1119 1095 aeterno
1144 1053 1190 1096 se·

235 1165 358 1216 entus.
404 1148 478 1213 Nou
497 1148 600 1231 igitur
619 1144 768 1224 dubiam,
789 1151 866 1230 quin
888 1151 1107 1212 aeternitatem
1124 1168 1192 1213 ma·

257 1266 356 1333 luerit
378 1267 523 1348 exsequi,
554 1262 800 1348 quandoquidem
832 1285 929 1350 neque
955 1264 1068 1330 manda
1099 1266 1190 1351 quti-

257 1403 351 1471 qaam
362 1383 526 1470 pulcrius,
548 1401 645 1466 neque
662 1380 727 1463 ejus
748 1378 947 1462 aedificatore
961 1387 1189 1470 praestantius.

258 1501 311 1568 Sic
333 1519 407 1583 ergo
426 1512 613 1582 generatus,
646 1499 683 1562 ad
711 1498 742 1563 id
771 1513 819 1562 est
848 1496 1002 1578 effectus,
1036 1502 1123 1581 quod
1143 1521 1191 1566 ra·

259 1617 347 1683 tione
376 1615 591 1699 sapientiaque
618 1615 914 1697 comprehenditur,
937 1632 1031 1698 atque
1049 1616 1192 1683 immuta·

176 1813 179 1818 ,
259 1737 318 1802 bili
339 1735 518 1800 aeternitate
545 1732 735 1800 continetur.
801 1734 851 1799 Ex
880 1753 946 1816 quo
977 1734 1125 1815 efficitur,
1157 1751 1192 1801 ut

263 1851 306 1919 sit
339 1871 486 1929 necesse,
515 1852 619 1931 hunc,
650 1851 942 1931 quantominus,
974 1852 1124 1918 mundum
1151 1851 1196 1918 si·

262 1972 433 2035 mulacrum
456 1985 614 2033 aeternnm
639 1986 707 2031 esse
727 1967 861 2051 alicujus
882 1968 1008 2033 aeterni.
1035 1968 1077 2035 (¹)

282 2162 286 2173 ,
304 2060 526 2165 intelliguntur
547 2085 620 2148 haec
641 2081 755 2162 facile,
781 2084 812 2147 ni
835 2081 992 2161 fallimur,
1020 2083 1193 2150 ePlatonis

261 2201 402 2269 doctrinel
424 2203 463 2265 de
480 2201 595 2264 mundo
619 2206 708 2283 νοητῷ
731 2202 825 2264 aede
847 2201 944 2277 ideis,
969 2218 1059 2282 quam
1077 2201 1110 2266 iu
1126 2202 1195 2266 veri

264 2317 466 2404 philosophia
487 2317 702 2397 exposuimus.
755 2317 826 2398 Ipsa
851 2319 918 2400 ejus
945 2319 983 2382 de
1007 2320 1077 2383 Deo
1101 2334 1195 2401 atque
1259 2296 1265 2305 ⁸

265 2436 412 2502 universo
439 2435 549 2516 placita
570 2453 586 2496 e
610 2434 812 2516 Pythagorica
830 2453 904 2499 stent
923 2437 1089 2520 discipline
1108 2456 1194 2520 repe·

265 2553 375 2619 tenda:
398 2566 523 2616 atvero
546 2552 760 2633 Pythagoreus
780 2571 814 2616 uc
838 2553 982 2635 princeps
1005 2557 1081 2619 adeo
1101 2554 1196 2640 hujus

265 2673 392 2739 scholae
413 2671 465 2734 ille
485 2683 554 2748 est,
586 2687 678 2750 quem
701 2669 776 2734 haec
802 2688 1005 2752 exponentem
1037 2674 1123 2738 Pluto
1149 2671 1197 2736 in·

265 2789 370 2854 duxit.
413 2788 559 2852 Attamen
589 2788 745 2851 Platonica
774 2803 871 2867 sunt,
903 2809 983 2870 quae
1009 2792 1061 2854 hlc
1086 2791 1124 2855 de
1144 2798 1197 2860 eoi

262 2910 345 2983 issae
366 2920 397 2970 et
415 2913 468 2975 soit
487 2908 685 2987 γιγνομένου,
709 2905 746 2969 de
772 2908 892 2984 euictus
921 2921 952 2970 et
977 2910 1062 2990 neiis
1088 2904 1197 2972 discri-

270 3022 353 3087 mine
379 3022 538 3085 dicuntur.
603 3020 760 3085 Platonica
791 3021 823 3084 in
853 3023 985 3103 primis,
1020 3044 1197 3106 quaecum

268 3139 373 3217 ideas,
403 3154 468 3201 tum
491 3136 622 3200 maxime
642 3142 676 3207 ei
696 3144 810 3220 epatu
838 3156 991 3220 spectant.
1029 3141 1102 3207 Nos
1127 3152 1199 3208 cum
1260 3130 1266 3135 ’

269 3256 373 3320 locum
394 3255 480 3318 illum
502 3254 534 3318 in
552 3255 754 3337 philosophia
781 3257 943 3338 Platonis,
974 3257 1028 3340 qui
1053 3259 1093 3323 de
1121 3258 1200 3325 ideis

273 3387 321 3437 est
341 3385 373 3435 et
392 3372 430 3434 de
453 3371 626 3452 idealibus,
657 3392 736 3452 quae
755 3390 929 3455 vocantur,
956 3375 1201 3458 explicaremus,
1244 3402 1252 3411 ·

270 3506 336 3554 non
360 3487 505 3567 aliunde,
535 3488 589 3551 sed
615 3489 687 3551 hinc
710 3490 800 3554 unice
824 3489 1106 3573 interpretationem
1127 3512 1204 3559 nos-

271 3624 349 3672 tram
372 3606 532 3671 duximus.
577 3606 620 3670 Et
652 3623 735 3671 nunc
766 3607 912 3688 quidem,
940 3624 1106 3690 postquam
1128 3611 1203 3675 haec

272 3722 427 3788 dicentem
457 3721 619 3786 Timaeum
644 3721 841 3803 audivimus,
871 3743 936 3788 non
965 3726 1205 3807 dubitabimus,

275 3842 353 3922 quin
376 3843 463 3906 Deus
486 3841 570 3921 apud
597 3839 756 3903 Plutonem
788 3841 887 3922 ipsius
919 3843 961 3907 sit
990 3840 1126 3910 veritatis
1153 3862 1208 3910 ex·
1237 3878 1240 3885 ·

1146 3977 1211 4026 em·

313 4095 354 4163 (1)
379 4093 489 4143 Timaeo
505 4108 535 4161 27
548 4090 581 4143 C·
598 4109 672 4160 *29
689 4095 722 4146 Α.
