2896 5168
676 464 845 539 ''⁵³⁵¹'‘

298 635 518 720 Sophisturum
549 632 664 717 placito
690 633 770 701 illud
786 632 940 716 deinceps
966 631 1001 699 in
1028 629 1223 699 sermonibus

297 755 361 824 illis
378 755 505 841 adjicit,
527 769 594 835 quo
611 749 740 817 sibimet
761 749 917 834 placuisse
935 747 1065 818 mirifice
1080 747 1221 817 rideturt

300 876 457 958 ἀλλότριον
490 888 561 936 esse
589 873 705 951 epaon
739 866 914 953 iustitium,
946 870 1055 939 alerien
1083 867 1220 950 βιαβὴι.

299 989 405 1068 Nam,
434 1002 471 1054 ut
494 986 638 1053 Socrates
662 1003 705 1051 ⁴ex
730 1002 771 1050 eo
788 985 835 1051 de
859 981 981 1050 medico
1007 981 1223 1066 quaesiverat,

300 1119 406 1171 utrum
428 1118 583 1187 tamquam
605 1102 762 1182 medicus,
783 1099 860 1183 quid
877 1099 961 1184 ipsi,
979 1118 1020 1167 ru
1035 1117 1131 1181 vero,
1149 1095 1241 1181 qnid,

300 1218 435 1302 aegrotis
477 1219 696 1298 conduceret,
728 1229 908 1301 spectaret,
939 1215 1224 1301 ¹'l'lrtusynrecirnsc

303 1336 382 1422 „dic
402 1334 499 1417 nihi,
517 1335 640 1418 inquit,
658 1335 854 1417 osocraoes,
871 1333 1028 1409 eernetibi
1039 1331 1225 1415 nutriris-2

298 1453 409 1540 Quidl
428 1470 534 1542 nonne
552 1453 742 1548 respondere
758 1452 887 1519 decebat
903 1453 1022 1536 magis,
1041 1458 1135 1536 quein
1153 1450 1228 1519 tulis

300 1571 472 1657 quaerere?
487 1554 535 1623 ἓ-
575 1568 735 1656 Quoniam
757 1583 789 1635 tc
805 1567 937 1652 negligit
956 1582 987 1633 et
1006 1568 1150 1651 oppletas
1168 1564 1228 1632 tihi

299 1704 389 1752 neres
406 1703 472 1751 non
487 1685 650 1770 emungit,
666 1701 739 1749 com
756 1699 859 1750 remen
875 1682 1032 1766 indigens,
1050 1682 1228 1765 quineque

243 1820 253 1855 ··
299 1804 456 1888 pecudum
476 1820 580 1886 neque
593 1799 731 1884 pastoris
745 1798 912 1884 cognoscis
932 1780 1139 1866 officium„
1158 1798 1229 1866 Cur

298 1921 462 1988 istudi-
479 1918 665 2006 Quiuputrs
677 1964 689 1999 ‚
699 1916 857 2001 opiliones
867 1915 1064 1983 etbulrulcos
1072 1915 1228 1999 pecudum

214 2101 215 2105 ,
299 2039 473 2122 boumque·
487 2019 607 2102 bonum
639 2035 856 2118 considerare,
888 2039 1009 2118 eosqroe
1040 2049 1168 2118 poscere
1190 2045 1228 2098 et

299 2156 423 2237 colere,
445 2154 491 2220 ed
507 2151 593 2220 aliud
610 2151 836 2235 respicientes,
859 2170 954 2236 quem
964 2151 1015 2219 ⁴ed
1030 2150 1226 2219 dominorum

271 2258 274 2265 “
295 2271 506 2356 ipsorumque
523 2267 711 2351 utilitatem,
736 2267 916 2335 tumetium
936 2268 1028 2352 illos,
1054 2268 1113 2352 qui
1131 2267 1230 2335 inci·

301 2385 453 2453 vitetihus
482 2403 601 2469 reapse.
620 2399 772 2471 regnum,
798 2384 887 2452 aliter
906 2383 947 2450 ad
967 2404 1045 2466 eos,
1065 2383 1125 2470 qui
1150 2383 1229 2470 ipsis·

302 2501 461 2601 subsunt,
477 2502 640 2573 existimes
657 2501 832 2585 respicere,
850 2520 942 2585 quarn
960 2517 1105 2585 tunqurnr
1122 2519 1230 2588 pastor

280 2621 340 2688 ..rd
359 2637 456 2702 oves,
480 2633 512 2687 et
529 2619 769 2704 aliudcogitrre
788 2632 898 2687 noctes
916 2634 1011 2701 etque
1025 2619 1118 2702 dieo,
1134 2635 1231 2703 quern·

303 2737 514 2806 uudeutilitrs
533 2739 573 2805 od
593 2737 684 2821 ipsos
703 2739 872 2804 redundete
893 2751 988 2817 atque
1006 2736 1085 2803 adeo
1100 2751 1137 2802 to
1155 2754 1231 2821 μιᾳ·

291 2857 356 2921 :cul
380 2855 479 2938 abes,
513 2869 550 2921 ut
568 2855 647 2939 quid
664 2858 785 2940 justum
806 2871 841 2917 rc
860 2851 1006 2936 justitie,
1036 2850 1114 2934 quid
1131 2852 1232 2937 injur·

303 2986 371 3036 tum
391 2985 487 3054 atque
507 2967 661 3053 injustitia
680 2969 744 3051 sit,
766 2983 896 3048 tenere,
917 2981 953 3032 ut
970 2966 1123 3055 ignores,
1138 2968 1231 3052 justi·

304 3085 377 3152 titur
395 3086 581 3169 justumque
600 3085 734 3153 alienum
753 3101 825 3149 esse
848 3083 966 3148 bonurn
990 3101 1033 3148 rc-
1047 3097 1159 3150 resera
1174 3082 1233 3149 irn-

293 3200 441 3286 peruntis
465 3215 498 3267 et
515 3200 702 3286 potentioris
728 3202 994 3281 emolumentum,
1013 3199 1230 3267 detrimentum

301 3335 379 3384 vero
408 3317 573 3401 proprium
607 3316 784 3385 obedientis
813 3329 845 3391 et
872 3315 1016 3397 subditi3
1049 3315 1232 3403 injustitiam

302 3451 380 3500 vero
397 3445 508 3500 contre
523 3434 556 3500 irr
582 3434 686 3501 bono's
705 3436 878 3521 iustosque
902 3434 1044 3501 homines
1069 3433 1231 3518 imperium

303 3566 468 3617 exercere:
495 3550 553 3634 qui
572 3563 825 3651 eutemlpsrenu
851 3547 954 3641 iacere
971 3569 1053 3634 quae
1070 3550 1234 3635 impetenti
1370 3575 1372 3578 ’

286 3665 540 3752 potentioriqne
567 3654 772 3750 conducunt,
808 3666 960 3751 illumque
982 3666 1138 3750 obsequio
1163 3666 1238 3741 ber·

303 3799 372 3851 turn
388 3784 531 3867 reddere,
553 3782 615 3850 sibi
635 3798 740 3854 nutem
761 3783 841 3866 ipsis
857 3801 924 3852 non
940 3762 1116 3852 consulere.
1149 3785 1238 3852 Con·

304 3898 462 3982 siderare,
489 3900 613 3985 optime
635 3901 806 3985 Soetrtes,
835 3901 882 3967 sic
901 3901 1004 3969 decet.
1054 3901 1112 3969 Vir
1131 3903 1238 3988 justus

225 3989 234 4010 ⁰
307 4017 393 4085 ornni
407 4016 440 4084 irr
461 4036 572 4085 caussa
590 4015 722 4102 minus,
744 4034 837 4100 quent
855 4017 1017 4109 injustus,
1039 4018 1150 4086 habet:
1178 4017 1242 4102 pri·

762 4131 835 4201 Co
1159 4152 1244 4203 rnurn
