2896 5168
802 473 848 492 —-
872 449 931 510 160
946 474 995 497 ·-·

426 610 620 685 Utrorumne
652 620 746 704 igitur
774 612 815 683 in'
836 636 978 687 -numero
1016 625 1179 691 essentiam
1216 624 1353 698 censes?

423 733 497 801 Hoc
528 737 608 803 enim
637 753 719 802 nunc
741 736 874 803 maxime
900 738 962 806 illis
989 740 1135 807 omnibus
1158 762 1356 829 consequens

423 866 484 921 est.
505 883 556 901 -
584 855 729 931 Eorum,
762 873 843 937 quae
868 857 992 925 animus
1019 857 1169 945 ipseper
1196 881 1230 928 se
1259 883 1356 948 appe·

421 971 473 1037 tit.
494 997 544 1014 -
564 970 640 1034 Non
668 968 740 1036 item
766 973 868 1040 simile
898 991 930 1041 et
948 976 1120 1058 dissimile,
1142 977 1221 1046 idem
1253 996 1283 1047 et
1310 983 1356 1047 al·

418 1085 547 1149 terum?
567 1117 615 1135 -
635 1085 719 1154 Haec
739 1088 825 1157 item.
848 1127 894 1144 -
915 1093 1003 1176 Quid
1023 1098 1128 1163 vero?
1150 1101 1292 1182 pulcrum
1321 1115 1370 1166 et·

414 1214 571 1283 taetrum,
593 1202 712 1270 bonum
738 1221 769 1269 et
795 1206 939 1270 malurn?
960 1243 1005 1258 -
1025 1210 1068 1274 Et
1089 1213 1202 1280 horum
1224 1215 1350 1297 quidem

415 1318 555 1385 omnium
583 1322 717 1384 maxime
738 1319 861 1382 videtur
888 1317 1009 1384 animus
1031 1325 1196 1392 essentiam
1224 1349 1350 1412 compa-

411 1437 508 1501 rando
537 1437 753 1513 considerare,
787 1446 934 1514 reputans
956 1453 1062 1501 secum
1083 1442 1244 1519 praeterita
1260 1462 1347 1523 prae·

411 1549 574 1630 scoriaque
602 1563 633 1614 et
667 1567 740 1613 curn
766 1546 884 1615 futuris
919 1549 1100 1620 conferens.
1129 1587 1179 1609 ·-
1204 1559 1344 1626 Adverte

408 1678 441 1732 et
468 1667 550 1735 hoc:
582 1668 626 1733 rei
649 1668 743 1733 durae
767 1667 913 1734 duritiem
940 1689 996 1752 per
1021 1685 1138 1738 tactum
1166 1673 1281 1739 sentiet
1301 1690 1344 1742 et

361 1773 363 1777 ¹
408 1786 514 1853 mollis
538 1786 681 1851 similiter
712 1784 899 1853 mollitiem?
922 1788 1027 1853 -Ita
1047 1806 1134 1855 sane.
1156 1826 1201 1842 -
1226 1792 1344 1857 Essen-

406 1906 481 1972 tiam
505 1918 608 1970 autem
638 1903 774 1985 etquid
804 1901 897 1968 ambo
931 1904 996 1969 sint
1030 1919 1234 1989 mutuamque
1264 1928 1343 1975 con-

403 2022 589 2090 trsrietatem
621 2035 653 2086 et
686 2020 785 2103 ipsius
814 2021 1040 2088 contrarietatis
1077 2026 1243 2090 essentiam
1274 2024 1342 2107 ipse

403 2140 526 2208 animus
554 2143 721 2225 explorans
747 2155 778 2204 et
805 2156 990 2223 comparans
1014 2140 1173 2222 invicem,
1202 2140 1341 2226 judicare

401 2259 562 2326 conaturi
583 2295 630 2313 -
659 2256 813 2324 Omnino.
836 2244 1027 2324 -Nonne
1052 2258 1235 2325 hominibus
1265 2260 1342 2326 bru·

400 2377 510 2462 tisque
525 2375 720 2442 animalibus
744 2379 855 2441 natura
886 2375 992 2440 datum
1012 2390 1078 2455 est,
1111 2390 1148 2441 ut
1172 2359 1339 2458 quaecum·

394 2512 464 2577 que
494 2496 664 2575 παθήματι
705 2510 761 2572 per
789 2509 905 2571 eorpus
939 2491 980 2555 ad
1011 2492 1147 2557 animum
1178 2496 1337 2577 tendunt,

383 2607 503 2676 statim
532 2618 628 2686 atque
659 2602 695 2667 in
720 2605 822 2666 lucem
852 2602 1059 2685 prodierunt,
1096 2604 1253 2671 sentiant:
1286 2626 1334 2672 re·

395 2720 540 2789 tioeinari
571 2737 648 2786 vero
682 2719 721 2782 de
753 2734 861 2781 eorum
890 2717 1023 2781 essentia
1048 2731 1081 2781 et
1118 2719 1270 2798 utilitate,
1299 2720 1332 2787 id

390 2837 451 2905 vix
482 2835 606 2901 nudem
643 2837 739 2912 longo
767 2829 918 2913 temporis
954 2830 1118 2898 intervallo
1158 2833 1331 2916 frequenti·
1352 2880 1382 2931 .·

394 2973 458 3038 que
487 2950 605 3020 studio?
632 2970 668 3017 ae
704 2948 872 3031 disciplina
908 2947 947 3013 ils
985 2948 1173 3034 contingit,
1210 2952 1329 3034 quibus

384 3071 518 3158 -quidem
545 3064 731 3152 contingat?
752 3101 799 3120 -·-
826 3065 873 3132 lta
899 3083 1042 3147 prorsus.
1063 3101 1111 3120 -
1130 3066 1254 3135 Fierine
1270 3089 1330 3154 po·

380 3204 477 3274 -test,
500 3203 537 3255 ut
561 3186 721 3255 veritatem
748 3186 955 3267 assequatur,
988 3183 1044 3265 qui
1071 3202 1138 3250 non
1162 3202 1327 3256 assecutus

391 3307 558 3377 essentiam
573 3303 648 3371 est?
667 3338 714 3354 -
733 3302 810 3368 Non
831 3315 951 3384 potest.
973 3337 1017 3353 -
1038 3300 1142 3385 Culus
1158 3316 1261 3368 autem
1280 3305 1327 3370 rei

273 3444 278 3466 ι
390 3426 463 3510 quis
494 3421 655 3489 veritatem
699 3436 765 3486 non
804 3415 1009 3498 assequitur,
1051 3418 1146 3503 hujus
1185 3439 1326 3506 unquam

387 3537 549 3610 scientiam
575 3533 714 3603 habebit.
732 3534 864 3622 -Quo
884 3510 1011 3601 id'fieri
1024 3551 1118 3620 preto
1139 3539 1325 3621 possit?-

387 3659 426 3727 1n
459 3654 500 3722 iis
530 3675 609 3740 quae
635 3654 688 3721 cui
719 3652 885 3734 accidunt,
916 3656 947 3721 ἐν
966 3665 1028 3730 τοῖς
1056 3658 1234 3741 παθήμασι,
1257 3674 1322 3723 non

387 3790 438 3845 est
469 3750 616 3858 scientim
662 3786 710 3840 est
742 3769 877 3838 veroin
905 3769 1143 3838 ratiocinatione
1183 3775 1222 3841 de
1242 3772 1318 3839 illis.

385 3892 452 3962 nte
476 3889 559 3958 enim
586 3903 623 3957 ut
652 3907 709 3974 par
734 3901 814 3971 est‚·
832 3886 998 3954 msendam
1025 3888 1151 3971 assequi
1180 3904 1213 3955 et
1236 3885 1320 3956 veri·

384 4021 481 4083 tatem
508 4005 602 4092 lieet,
622 4005 656 4074 vi
678 4003 742 4073 illis
762 4003 1089 4079 nonnoso-‚sic
1104 4003 1319 4073 ·videtur.·-

466 4132 469 4137 ’
1231 4119 1323 4200 um
