2896 5168
599 495 809 560 ·-60-

244 672 412 754 adversis,
444 693 521 758 age,
552 675 591 741 ad
617 694 700 759 opus
732 675 811 744 illud
838 687 980 755 nostrum
1008 674 1179 741 oedotmue.

252 788 468 875 Quaerendum
492 788 585 854 nobis
607 808 703 873 porro
724 805 793 874 est,
815 790 924 872 quales
943 807 1011 858 esee
1037 801 1182 874 oporteat

249 903 385 975 civitatis
417 921 542 971 nostrae
570 906 743 987 custodes,
775 926 901 990 quaque
921 907 986 974 sint
1016 927 1035 973 a
1066 904 1180 1003 tenerit

252 1021 452 1089 inetitutione
472 1022 644 1089 excolendi.

369 1255 584 1321 Civitatis
613 1255 814 1322 custodes.
860 1257 1067 1324 Derecto
1167 1284 1173 1293 ·

276 1390 435 1451 aarum,
460 1389 536 1458 per
563 1375 761 1437 musicam
789 1387 830 1438 at
855 1376 1159 1458 gymnasticae·

562 1490 875 1557 institutione.
932 1508 937 1518 ’

246 1762 249 1769 ,
297 1721 380 1790 Nan
412 1733 448 1787 ut
468 1719 621 1805 increvit,
646 1722 754 1804 prouti
773 1723 926 1805 vidimus,
947 1736 980 1791 et
1003 1739 1132 1789 numero
1152 1733 1186 1789 et

189 1865 190 1871 ¹
255 1840 403 1907 verietate
434 1839 596 1915 hominum
623 1838 755 1921 civitas,
796 1839 934 1922 bellique
966 1838 1038 1905 iude
1066 1855 1187 1922 oppon·

254 1959 406 2023 tunitates
435 1970 666 2039 apparuerunt,
701 1956 887 2039 custodibus
918 1955 1002 2021 videt
1040 1955 1185 2023 Socraten

256 2092 339 2158 opus
363 2090 455 2153 ease,
476 2072 533 2152 qui
561 2086 622 2136 tam
643 2072 859 2152 humanam,
887 2090 978 2154 quam
992 2069 1188 2156 fortitudine
1227 2055 1229 2059 ’

253 2189 420 2258 excellant.
471 2188 561 2272 Quae
586 2174 713 2253 natutae
742 2189 833 2254 dotes
864 2187 1064 2271 virtutesque
1087 2207 1186 2271 quum

255 2323 326 2372 raro
356 2304 390 2368 iu
419 2302 601 2369 homiuibus
633 2303 817 2386 coniunctae
841 2305 1056 2386 reperiantur,
1078 2316 1188 2387 putta·

174 2469 176 2473 >
255 2438 318 2502 ue,
340 2417 479 2503 quaerit,
502 2418 643 2501 generosi
666 2419 753 2486 canis
773 2436 805 2485 et
823 2422 946 2503 juvenis
965 2419 1108 2503 generosi
1130 2436 1186 2487 ua·

256 2524 357 2605 tutem
377 2536 417 2602 ad
436 2534 609 2601 custodiam
634 2537 779 2618 agendam
808 2523 953 2603 differret
996 2538 1059 2605 Cui
1086 2537 1188 2604 Glau-

255 2672 317 2734 σο,
336 2652 428 2735 quale
449 2651 535 2716 iatud
559 2651 667 2717 dicis?
710 2653 838 2733 Veluti,
861 2653 988 2736 inquit,
1018 2668 1187 2736 utrunque

255 2788 326 2839 ease
355 2783 483 2852 oportet
511 2786 582 2833 cum
621 2786 758 2851 sagacem
797 2770 835 2835 ad
870 2769 1085 2849 sentiendum,
1103 2780 1185 2852 'tutu

255 2889 396 2956 velocem
417 2887 456 2953 ad
475 2886 723 2969 insequendum,
746 2902 812 2952 tum
831 2905 927 2968 vero,
949 2886 1003 2951 ubi
1022 2901 1186 2954 assecutus

255 3004 371 3085 fuerit,
392 3005 432 3069 ad
448 3004 648 3091 pugnandum¹
662 3002 842 3069 robustum.
863 3041 908 3056 -
929 3001 1022 3087 Opus
1038 3017 1187 3069 certeeet

140 3180 143 3185 .
250 3120 407 3193 ‘omuibus
428 3119 503 3186 illis.
524 3155 569 3172 -
590 3121 691 3202 Atqui
710 3118 804 3186 fortis
823 3119 865 3184 sit
887 3133 1037 3203 oportet,
1064 3119 1092 3185 ai
1116 3119 1186 3203 qui·

248 3239 329 3306 elem
358 3236 438 3302 bene
457 3250 652 3318 pugnaturus
674 3234 727 3300 sit.
750 3271 796 3286 -
815 3235 958 3322 Quidnii
978 3271 1024 3287 -
1044 3235 1189 3303 Fortisne

260 3368 366 3422 autem
396 3366 429 3417 et
460 3352 558 3416 audax
590 3353 684 3428 erit‚.
711 3352 765 3432 qui
793 3351 980 3431 iracundus,
1013 3357 1186 3437 lentullo.

260 3488 328 3540 non
349 3469 415 3549 ait,
436 3468 503 3534 sive
525 3486 625 3548 equus
648 3466 717 3532 aive
737 3468 822 3533 canis
850 3467 919 3534 sive
942 3469 1078 3550 quodvis
1105 3467 1190 3534 aliud
1298 3470 1317 3556 ’1

262 3585 402 3656 animali
458 3585 576 3652 Nonne
613 3583 880 3664 animadvertisti,
920 3583 1190 3669 inexpugnabilem

263 3704 475 3783 inuictamque
517 3718 586 3766 esse
623 3699 719 3781 itant,
757 3721 819 3784 qua
853 3716 1033 3784 praesente,
1070 3700 1192 3768 animus

264 3820 306 3887 td
336 3819 439 3885 omnia
468 3816 643 3900 intrepidus
672 3833 720 3882 est
745 3833 782 3898 et
803 3817 964 3885 invictus?
984 3852 1031 3868 -
1049 3816 1198 3884 Animul-

265 3935 361 4004 vetti.
386 3971 431 3988 -
461 3936 548 4001 Patet
575 3932 693 4016 igitur,
725 3914 847 4017 qualetu
875 3933 1197 4032 torpulecustodem
1292 3988 1299 3999 .

270 4069 343 4119 eoae
363 4049 489 4119 deceat?
509 4050 674 4117 -Patet
698 4087 741 4109 --
762 4051 848 4138 Quin
870 4051 982 4132 etiam,
1003 4050 1129 4134 qualem
1137 4050 1202 4118 ani·

1129 4186 1204 4249 nto,
