2896 5168
627 450 798 515 ιβι-

251 625 323 680 cant
344 629 419 678 vero
442 628 578 694 sensus,
604 627 669 678 non
692 611 890 692 excitentur,
918 611 1080 698 colantur,
1100 631 1180 697 pur«

253 742 377 813 geratur.
409 767 453 783 -
482 729 534 796 Sic
564 729 667 812 plane.
698 763 744 779 -
775 729 806 793 Λ
837 726 956 793 ratione
981 727 1077 810 igitur
1105 732 1178 798 talis

251 849 346 912 homo
376 847 524 928 omnique
554 849 665 924 cultu,
698 844 753 926 qui
781 844 914 910 musicae
940 843 1092 926 debetur,
1122 846 1179 910 ab·

250 961 414 1041 horrebit,
445 962 529 1028 nulla
555 961 586 1024 in
608 960 804 1025 sermonibus
827 959 1025 1041 persuasione
1051 975 1177 1045 utetur,

252 1079 307 1144 sed
339 1079 370 1143 vi
402 1092 433 1143 et
462 1079 574 1160 agresti
600 1076 808 1152 immanitate,
839 1073 921 1141 ferae
946 1077 1105 1160 cujusdam
1129 1078 1180 1144 iu-

252 1209 338 1275 star,
359 1193 397 1259 ad
416 1196 519 1259 omnia
535 1191 724 1276 agitabitur,
746 1194 839 1271 inque
857 1191 978 1258 inscitia
998 1207 1031 1258 et
1045 1194 1177 1261 ruditate

253 1309 321 1376 aine
356 1309 562 1376 concinnitate
590 1328 624 1374 ac
650 1308 747 1393 gentil
777 1307 874 1373 vivet.
895 1345 939 1360 -
959 1309 1110 1377 Omnino.
1130 1343 1179 1362 -·

253 1428 306 1494 Ad
329 1428 402 1493 haec
425 1427 520 1509 igitur
543 1428 627 1506 duo,
661 1439 696 1489 ut
724 1436 871 1507 apparet,
903 1439 985 1490 artes
1010 1426 1086 1491 duas
1112 1445 1181 1492 cre·

253 1543 381 1610 diderint
409 1543 499 1610 deum
531 1542 663 1624 aliquem
689 1538 867 1605 hominibus
891 1540 1062 1622 tribuisse,
1082 1541 1179 1607 rnusi·

252 1678 319 1727 cam
342 1674 373 1725 et
393 1659 635 1743 gymnasticam,
658 1658 696 1723 ud
718 1657 891 1721 iracundum
914 1675 1026 1740 nempe
1043 1655 1178 1750 hominis

252 1790 285 1843 et
305 1776 523 1860 philosopham
543 1790 701 1854 naturam,
730 1791 796 1839 non
824 1773 863 1838 ad
892 1774 1026 1841 animum
1052 1788 1084 1840 et
1110 1792 1179 1840 cor·

255 1911 343 1976 pus,
374 1893 436 1958 nisi
468 1911 524 1974 pet
555 1890 822 1973 opportunitatem
854 1890 1009 1970 aliquam
1049 1893 1105 1957 sed
1141 1893 1181 1960 ad

253 2007 357 2086 illud,
390 2021 425 2070 ut
451 2020 658 2071 consonarent
688 2008 768 2071 inter
787 2025 843 2084 se,
875 2020 1027 2087 quatenus
1051 1980 1179 2088 deceat,

252 2119 373 2187 intensa
391 2136 485 2203 atque
504 2121 642 2188 remissa.
663 2158 709 2173 -
729 2123 780 2188 Sic
799 2135 938 2206 apparet.
959 2158 1004 2175 -
1023 2128 1083 2194 Τὸν
1103 2127 1180 2195 uit·
1255 2206 1260 2211 ,

255 2241 318 2309 λος·
348 2237 409 2321 ἄρα
433 2249 557 2322 μουσικῇ
587 2244 772 2320 γυμναστικὴν
796 2241 973 2323 sepiarum
988 2240 1038 2308 cal
1058 2243 1181 2324 μετροῶ·

256 2378 340 2422 τοτα
368 2364 406 2436 τῦ
439 2361 528 2437 ψυχῇ
563 2357 791 2439 προσφέροντα,
832 2361 935 2424 τοῦτον
976 2358 1108 2440 ὀρθότατ’
1141 2359 1180 2429 ἂν

255 2473 372 2551 Orsinen
392 2465 464 2535 εἶναι
487 2469 596 2544 τελέως
615 2471 834 2550 μουσικώτατον
854 2471 903 2539 καὶ
926 2475 1179 2556 εὐαρμοςδτατον,

256 2586 334 2653 πολὺ
364 2589 482 2666 μᾶλλον
514 2587 531 2664 i
563 2589 613 2654 rit
644 2588 702 2661 τὰς
731 2589 842 2670 χορδὰς
873 2592 1024 2666 ἀλλήλους
1044 2590 1181 2672 ξονστ-ἄν·

255 2726 309 2770 σα.
342 2731 388 2751 -·
416 2704 544 2778 Eirieus
577 2701 634 2784 γ’,
665 2702 686 2770 ὦ
718 2706 886 2787 Σώκρατες.
941 2703 1027 2768 Ευτι
1055 2708 1180 2790 igitur,

256 2818 314 2901 qui
335 2817 525 2903 pulcerrime
553 2839 623 2883 curn
660 2821 776 2883 musica
804 2824 1030 2904 gymnasticam
1070 2838 1197 2912 tempe·-

145 3000 149 3009 ,
257 2947 313 2997 rar
343 2948 438 3020 atque
467 2937 577 3018 optime
609 2949 774 3019 utramque
805 2939 909 3003 artimo
940 2937 1088 3021 adhibet,
1116 2961 1183 3009 τσο·

256 3053 372 3114 tissime
391 3053 471 3115 hunc
487 3050 660 3136 perfectum
680 3056 828 3119 muricum
855 3051 971 3140 sibique
992 3058 1092 3142 ipsum
1112 3078 1184 3124 cort·

255 3166 405 3231 sinentem
430 3164 591 3247 dicamus,
629 3167 725 3233 mairo
763 3189 835 3234 sorte
871 3174 991 3263 magis,
1031 3193 1125 3258 quam
1155 3177 1183 3240 ri

256 3285 327 3367 quis
345 3280 475 3347 chordas
497 3285 554 3346 scit
574 3297 759 3369 temperare.
782 3319 825 3337 -
847 3284 894 3350 Et
910 3289 1021 3353 merito
1035 3287 1179 3376 quidone,

257 3418 275 3462 ο
295 3397 448 3463 Socrates.
474 3394 516 3464 (Ι)

298 3512 373 3597 Quo
415 3512 510 3594 magis
550 3510 593 3578 ita
629 3514 836 3582 adumbrantia
876 3517 1011 3586 Platonis
1054 3521 1181 3590 civitate

256 3629 492 3712 progredimur,
515 3648 552 3694 eo
576 3644 660 3712 patet
680 3630 772 3695 nobis
792 3633 979 3718 dilucidius,
1002 3654 1084 3705 arcte
1113 3643 1180 3726 ejus

257 3742 414 3825 politicam
450 3763 522 3809 cum
554 3764 674 3810 morunt
704 3746 842 3815 doctrina
870 3755 1065 3839 conjunctam
1099 3778 1179 3829 esse.

1045 3973 1048 3980 ,
1095 3875 1184 3964 Quae

295 4003 336 4078 (t)
355 4005 399 4060 De
415 4005 487 4077 Καρ.
504 4003 562 4060 111.
578 4005 638 4062 410.
655 4008 688 4062 C.
706 4033 736 4052 -
753 4011 813 4067 412.
832 4013 867 4068 Δ.
