2896 5168
623 498 747 575 ..243
771 512 816 531 ..

259 680 361 732 moror
379 663 422 739 ein
444 663 527 730 κοινοὶ
543 665 636 746 Φύσιν
651 663 770 746 ἄριστον
784 688 820 731 σε
836 661 920 746 ἔργον
933 667 1185 749 ἀπειργασμένος·

221 825 224 832 ·
258 778 350 854 οὕτως
370 779 419 849 οὖν
438 781 472 856 tto
491 781 573 847 κοοσοὶ
593 780 684 859 λόγον
702 783 753 850 σὸν
772 781 872 849 eitilra
891 784 937 850 tot
952 781 1075 861 λέγειν,
1102 783 1185 852 cloio

258 898 311 964 rio
329 898 455 977 κόσμον,
481 897 549 972 ζῶον
580 896 720 980 ἔμψυχον
745 895 839 966 ἔννουν
860 922 895 965 σε
920 908 958 983 τῇ
984 899 1110 983 ἀληθείᾳ
1136 899 1186 967 διὸ

242 1014 312 1089 'riou
326 1018 377 1079 σοῦ
405 1013 466 1079 θεοῦ
489 1014 625 1091 γενέσθαι
644 1013 785 1094 nolueras.
845 1013 934 1076 Nam
951 1033 1020 1077 cunt
1037 1017 1186 1079 eonstitu-

253 1128 327 1190 isset
355 1126 441 1190 Deus
471 1127 570 1191 bonis¹
588 1125 725 1193 omnibus
755 1128 878 1215 explere
907 1129 1076 1210 mundum,
1107 1131 1187 1197 mall

255 1243 339 1306 nihil
353 1243 541 1321 admiscere,
560 1243 666 1328 quoad
683 1261 804 1310 natura
820 1260 1008 1332 pateretur:
1033 1245 1190 1334 quidquid

254 1373 346 1435 erat,
368 1356 452 1442 quod
468 1362 503 1422 in
520 1357 669 1425 cernendi
688 1380 806 1427 sensum
828 1359 974 1444 caderet,
994 1359 1033 1427 iil
1053 1363 1113 1428 sibl
1136 1382 1188 1430 as·

255 1476 386 1553 sumsit,
410 1494 470 1540 non
494 1476 704 1561 tranquillum
731 1491 762 1541 et
778 1480 945 1565 quietum,
967 1476 1022 1544 sed
1043 1478 1186 1546 immode-

256 1576 328 1656 rate
348 1595 505 1676 agitatum
528 1608 559 1657 et
572 1592 754 1677 fluctuans,
768 1594 868 1679 'idque
892 1615 931 1661 cot
952 1592 1131 1661 inordinato
1150 1597 1187 1661 in
1206 1608 1209 1616 '

252 1707 390 1771 ordinem
410 1706 566 1775 adducit:
595 1710 650 1776 ltoc
666 1713 746 1776 enim
757 1709 926 1788 judicabat
943 1731 1004 1778 esse
1020 1725 1191 1799 praestan.

252 1826 330 1889 tius.
393 1824 458 1890 Fas
479 1840 582 1890 autem
608 1847 662 1891 nec
683 1843 727 1892 est
748 1849 802 1893 nec
820 1848 967 1914 umquam
981 1827 1073 1914 fuit,
1094 1826 1187 1914 quid·

252 1961 346 2025 oriam
374 1945 436 2006 nisi
454 1943 681 2029 pulcerrimum
698 1945 813 2026 facere
826 1965 923 2025 eunt,
945 1946 1091 2029 quiesset
1107 1945 1186 2031 opti·

251 2069 332 2122 tntis.
377 2057 454 2122 Cum
476 2040 757 2147 rationem-igitur
784 2058 960 2138 habuisset,
990 2057 1186 2146 reperiebat,
1212 2131 1216 2138 ,
1255 2117 1259 2123 .

253 2170 337 2236 nihil
357 2191 416 2237 esse
448 2191 579 2252 eorum,
609 2194 690 2260 quae
722 2174 848 2239 natura
871 2190 1093 2255 cernerentur,
1126 2192 1193 2242 non

247 2288 446 2373 intelligens,
463 2289 678 2375 intelligente,
696 2295 732 2356 in
747 2304 810 2355 toto
824 2309 937 2374 genere
947 2292 1186 2377 praestantius,·

249 2403 489 2487 intelligentiam
514 2384 618 2468 eutem
644 2405 703 2469 ulli
731 2406 780 2468 rei
806 2402 990 2483 ailjunetam
1017 2424 1098 2485 esse,
1118 2406 1186 2475 sine

250 2523 375 2600 animo,
397 2524 486 2601 nefas
502 2540 574 2586 esse.
620 2517 773 2603 Quocirca
794 2521 1031 2604 intelligentiam
1054 2522 1091 2584 in
1113 2520 1184 2584 ani-

252 2659 317 2717 mo,
340 2640 479 2701 animum
500 2634 647 2701 conclusit
671 2637 707 2697 in
733 2651 872 2723 corpore.
936 2633 989 2701 Sic
1018 2652 1110 2701 ratus
1138 2651 1185 2701 est

251 2771 325 2842 opus
350 2751 434 2819 illud
455 2748 595 2835 effectum
626 2769 686 2816 esse
712 2730 967 2834 pulcerrimum.⁸
1017 2747 1119 2834 Quam
1149 2751 1185 2817 oo

250 2888 393 2934 caussam
411 2886 471 2932 non
491 2852 761 2931 est'cunetandum
784 2863 952 2952 profiteri,
973 2868 1001 2932 sl
1028 2863 1113 2932 modo
1135 2868 1186 2931 ln·

250 2984 405 3068 vestigari
432 2980 559 3066 aliquid
585 2979 769 3065 coru‘eeturil
795 2995 914 3067 potest,
935 2981 1016 3050 lunc
1037 2980 1185 3048 mundant

253 3099 379 3164 animal
396 3100 485 3178 esse,'
498 3096 592 3185 idque
610 3097 784 3182 intelligens
799 3113 830 3164 et
854 3096 970 3165 diuina
986 3097 1186 3190 prouidentia

253 3220 467 3284 constitutum.
482 3213 525 3282 (¹)
1082 3231 1089 3241 ·

299 3330 449 3424 sublimis
471 3334 545 3398 haec
566 3349 639 3398 sane
657 3332 742 3414 apud
765 3331 921 3398 Platonem
944 3346 992 3399 est
1007 3350 1080 3398 cum
1102 3332 1183 3414 Dei,

253 3466 321 3514 tum
341 3449 471 3530 mundi,
494 3463 529 3514 ut
554 3469 570 3514 a
590 3447 664 3515 Deo
692 3446 877 3543 informatus
898 3446 1045 3528 fingitur,
1067 3446 1183 3532 imago.

256 3567 325 3634 Nec
355 3565 496 3632 audiendi
524 3565 617 3630 nobis
649 3563 834 3648 posterioris
864 3561 971 3628 aetatis
1002 3560 1185 3646 philosophi

247 3696 353 3764 ὀιιῃῑ,
388 3682 444 3765 qui
477 3682 550 3748 haec
579 3682 704 3761 omnia,
738 3693 774 3746 ut
805 3679 889 3762 apud
921 3678 1105 3745 Ciceronem
1135 3680 1184 3745 lo·
1267 3659 1272 3668 ’

256 3814 424 3881 quuntur,¹
454 3812 603 3886 portema
629 3812 659 3862 et
693 3795 851 3862 miracula
875 3778 939 3860 ⁸nou
969 3795 1183 3862 disserentium

1113 3910 1184 3994 oii-

289 4053 330 4123 (ι)
355 4055 465 4109 Timaeo
485 4050 608 4122 291).-
621 4051 653 4103 30
664 4050 697 4104 C.

707 4150 738 4234 Q
