2896 5168
646 456 838 519 -2„-

271 616 440 679 modestiae
464 617 606 695 effttidetn
630 617 725 678 11111111
749 618 861 681 veli-‚nt
896 618 974 682 hanc
996 636 1059 683 non
1080 639 1211 704 magno·

270 750 344 812 pere
364 733 396 794 in
416 733 608 807 Veteribus,
642 732 768 796 minime
799 735 938 798 omnium
969 733 1000 797 in
1023 735 1205 816 Cicerone,

266 866 422 928 agnosc03
455 850 509 912 sed
532 867 701 929 repugnare
721 849 752 912 id
773 851 966 930 dialogorum
990 851 1099 915 rationi
1119 854 1207 918 vide·

262 966 371 1042 batur,
396 965 428 1029 in
455 967 571 1047 quibus
598 983 662 1029 non
688 967 807 1045 magis,
832 986 923 1045 quam
954 967 986 1029 in
1011 968 1203 1034 dramatibus

261 1081 412 1164 tragicis,
440 1081 677 1147 existimabatur
698 1083 870 1161 decorum,
900 1101 935 1146 se
964 1083 1067 1164 ipsum
1094 1101 1204 1150 osten·

260 1197 344 1263 dere.
389 1199 507 1262 iccirco
530 1199 617 1262 Plato
641 1214 803 1279 postremo
824 1200 945 1263 demum
969 1199 1030 1264 sub
1054 1201 1203 1281 Hospitis

259 1315 462 1377 Atheniensis
489 1315 615 1378 nuuriue
647 1335 680 1378 se
704 1316 868 1397 prodidit,
892 1334 995 1397 eoque
1022 1325 1203 1398 pervenisse

259 1430 301 1493 ita
328 1430 474 1507 videtur,
505 1446 539 1494 nt
568 1433 701 1512 primum
737 1431 770 1494 in
796 1431 955 1519 Apologid
979 1446 1011 1497 et
1036 1433 1203 1503 Phaedone

260 1547 397 1612 nominis
428 1547 478 1611 sui
510 1549 697 1612 mentionem
734 1545 872 1626 faceret,
915 1562 982 1613 tum
1011 1550 1045 1613 iu
1075 1550 1199 1617 Timaeo
1269 1588 1273 1597 ·

259 1664 424 1729 scribendo
451 1666 513 1729 hoc
542 1663 656 1729 faceret
679 1665 834 1729 Socratem
863 1663 993 1729 Timaeo
1023 1668 1199 1734 dicentema

161 1828 164 1832 ι
261 1788 362 1851 οὐκοῦν
382 1786 434 1850 σὸν
453 1785 543 1850 τῶνδέ
563 1810 597 1850 τε
620 1786 735 1866 ἔργον,
780 1783 829 1849 arxi
850 1787 884 1851 ri
905 1783 978 1866 ὅπερ
998 1790 1051 1852 τοῦ
1070 1787 1199 1861 airis-rae

256 1903 445 1979 ἀναπληροῦν
466 1901 570 1978 piper:
614 1917 678 1978 quo
711 1916 820 1978 nempe
848 1900 929 1963 haud
955 1899 1090 1965 obscure
1118 1901 1199 1967 indi·

257 2027 362 2090 caret,
385 2032 471 2076 suant
507 2014 545 2074 ab
575 2013 629 2077 illo
659 2015 840 2076 sententiam
875 2015 1050 2097 explicitam
1081 2013 1193 2082 fuisse.

258 2129 320 2193 Sed
344 2130 382 2193 dc
412 2148 589 2194 sermonum
620 2131 754 2209 dapibus
788 2131 965 2210 videamus,
995 2132 1111 2212 quibus
1134 2135 1196 2199 So-

255 2261 368 2310 cratem
393 2247 436 2308 illi
460 2245 619 2325 excepturi
643 2261 737 2309 11111.
805 2247 936 2325 Cupio,
960 2248 1002 2311 ait
1028 2249 1193 2331 Socrates,

253 2362 408 2426 civitatem
439 2363 572 2439 hancce,
596 2380 685 2439 quarn
709 2359 816 2424 verbis
840 2362 1060 2442 condidimus,
1082 2383 1193 2446 reapse

253 2479 406 2563 vigentem
446 2496 538 2559 atque
573 2478 604 2541 in
635 2491 721 2540 rnotu
754 2494 784 2540 et
814 2480 936 2543 actione
964 2480 1191 2563 contemplari,

252 2594 345 2662 sicuti
372 2595 443 2677 quis
469 2595 632 2673 animalia,
675 2594 743 2658 sive
770 2593 854 2675 picta
884 2595 952 2658 siue
978 2595 1190 2677 quiescentia,

251 2732 375 2779 cernere
401 2729 488 2777 aveat
515 2713 649 2776 viventia
672 2728 701 2774 ct
725 2713 857 2794 agentia.
901 2713 999 2796 Quod
1022 2730 1189 2795 postquam

252 2834 391 2910 dixerat,
424 2833 545 2913 roganti
576 2829 603 2893 ei
633 2829 743 2908 recipit
773 2828 913 2908 Critias,
956 2844 991 2893 ut
1014 2829 1190 2894 Athenien·

252 2951 332 3014 sium
350 2949 528 3025 civitatem,
554 2947 655 3025 qualis
673 2948 842 3011 secundnrn
861 2946 1042 3012 traditiones
1059 2922 1195 3031 Aegypss

254 3064 368 3128 tiorum
398 3066 615 3140 sacerdotum,
649 3083 665 3125 a
698 3064 814 3127 Solone
842 3063 1032 3142 celebratas,
1064 3084 1189 3132 summo

252 3182 327 3247 olim
351 3182 457 3263 vigore
481 3176 603 3258 luerat,
626 3198 722 3259 quum
749 3179 829 3243 bella
854 3198 924 3245 cum
948 3181 1117 3246 Atlantidis
1141 3182 1190 3247 in·

251 3301 330 3364 colis
358 3315 482 3380 ageret,
516 3296 681 3360 describat.
749 3295 834 3360 Tum
864 3296 910 3360 sic
942 3298 1062 3380 pergite
1094 3297 1187 3380 vide,

250 3421 418 3494 Socrates,
441 3413 602 3490 convivii,
626 3413 711 3492 quod
733 3411 788 3476 tibi
816 3432 984 3495 paramus,
1007 3413 1191 3495 dispositio·

250 3554 335 3602 11111.
367 3533 484 3599 Placuit
495 3530 606 3607 nobis,
620 3545 655 3592 ut
671 3528 1188 3613 Τ1111111,ἅτεάςρονομικώτοοτος

252 3661 354 3737 ἡμῶν,
376 3656 426 3721 xxi
459 3652 523 3732 περὶ
555 3651 674 3732 Φύσεως
706 3651 757 3714 τοῦ
791 3649 904 3720 niueos
931 3648 1035 3714 εἶδένοον
1065 3646 1186 3728 painted

251 3775 336 3855 ἔργον
367 3771 580 3848 πεποιημένος,
635 3766 746 3849 qnippe
773 3764 980 3827 astronomiae
1011 3776 1187 3826 nostrarum

253 3892 385 3951 1111111111
402 3887 629 3970 peritissimus,
654 3881 847 3964 unanimoque
873 3880 908 3942 in
936 3898 1042 3941 rerum
1063 3875 1190 3941 naturd

251 4000 456 4090 cognoscendi
478 4015 643 4077 11111111,
667 4016 786 4079 prunus
813 3995 916 4077 dicat,
941 3994 982 4059 ita
1011 4008 1067 4074 ut,
1089 3993 1185 4060 ducto

1166 4131 1184 4176 a
