2896 5168
249 587 459 655 conditionem
480 589 508 654 si
530 589 591 654 illic
615 592 862 676 perspexerimus
889 609 992 675 recte,
1021 594 1075 659 hlc
1101 596 1195 665 divi·

250 720 321 769 narn
347 705 415 791 eJ‘us
435 707 571 772 indolem
593 707 829 792 rationemque,
857 731 942 793 qua,
963 711 1194 797 philosophiae

250 822 370 903 ductu,
391 824 489 906 illuc,
511 825 590 891 unde
612 828 717 907 lapsus
738 842 809 905 est,
831 829 935 893 reduci
955 829 1087 909 debeat,
1111 845 1191 898 uta

251 942 379 1009 Platone
391 942 598 1009 demonstrata
610 960 680 1023 est,
696 946 823 1026 adsequi
838 944 982 1012 facillime
994 946 1187 1028 poterimus.

253 1058 322 1126 Nec
356 1079 456 1140 uero,
490 1060 543 1126 ubi
574 1062 624 1126 hle
656 1063 749 1127 nobis
780 1063 819 1128 tle
848 1062 955 1130 divini
979 1065 1113 1144 natura,
1145 1064 1190 1131 de

253 1178 361 1243 mundi
389 1175 526 1261 opifice,
549 1180 588 1246 de
612 1198 714 1247 rerum
744 1184 879 1264 naturl,
902 1181 1124 1266 inprimisque
1144 1183 1190 1249 de

251 1294 344 1360 animi
363 1312 436 1378 prae
456 1315 589 1378 corpore
600 1300 786 1382 praestantia
800 1301 950 1385 agendum
963 1300 1042 1382 erit,
1062 1315 1189 1366 novum

251 1410 285 1477 id
308 1411 405 1478 nobis
435 1414 590 1502 planeque
613 1416 860 1503 inexspectatum
887 1419 1020 1487 accidet.
1067 1413 1189 1483 Latent

253 1531 286 1595 in
316 1530 464 1597 omnibus
494 1536 615 1603 nostris
653 1535 929 1619 disquisitionibus
969 1531 1187 1616 superioribus

255 1647 361 1714 harunt
382 1667 483 1716 rerum
507 1653 645 1719 omnium
666 1649 827 1730 principia.
882 1645 999 1706 Verum
1022 1665 1106 1723 nos,
1126 1669 1188 1730 pa.

252 1781 337 1831 ratos
357 1764 398 1831 ita
418 1766 456 1831 ad
476 1766 621 1831 interiora
642 1762 690 1823 illa
708 1774 792 1819 sacra
806 1753 1061 1835 contemplanda,
1077 1773 1182 1835 eoque

251 1882 312 1965 jam
335 1882 536 1962 procedentes
556 1873 839 1952 ascendentesque,
872 1886 905 1936 ut
932 1872 994 1956 jam
1020 1876 1079 1958 jam
1105 1875 1181 1939 atti-

252 1995 336 2077 gisse
356 1993 579 2077 philosophiae.
592 1985 690 2053 sancti
710 1987 898 2071 divinique,
921 2005 955 2054 ut
975 1992 1059 2074 apud
1078 1992 1181 2057 Plato-

253 2128 324 2176 nem
342 2128 409 2191 est,
429 2105 580 2190 principia
598 2105 778 2187 videamur,
798 2107 886 2175 eceel
907 2124 1037 2173 avocant
1053 2110 1181 2190 denuo,

186 2209 191 2219 ²
255 2241 290 2292 ut
309 2226 408 2289 adhuc
431 2221 570 2287 feceruut
599 2222 688 2303 fere,
720 2224 880 2306 sophistae
909 2245 945 2290 ac
975 2224 1183 2308 philosophi,

252 2342 330 2406 illud
352 2358 435 2406 nunc
458 2341 590 2407 maxime
613 2359 825 2421 usurpantes,
854 2361 919 2423 quo
938 2343 1104 2423 aliquoties
1119 2344 1182 2427 jam

254 2478 342 2525 aures
367 2475 492 2525 nostrae
520 2472 769 2544 personuerunt,
795 2479 851 2527 nec
872 2474 1012 2525 sanctuni
1036 2478 1106 2525 esse
1124 2478 1184 2527 nec

254 2576 392 2644 divinum
423 2578 616 2661 quidquam,
651 2577 747 2661 ipsam
775 2579 852 2643 adeo
879 2577 1013 2642 divinam
1041 2592 1183 2645 naturam

255 2693 385 2778 ejusque
410 2695 441 2759 in
462 2713 522 2760 nos
544 2694 771 2778 providentiam
795 2695 909 2759 nullam
932 2709 1011 2762 esse.
1053 2691 1183 2778 Quibus

254 2815 429 2894 accedunt,
462 2828 497 2879 ut
525 2815 688 2891 assolent,
716 2813 845 2893 poitae,
875 2829 938 2876 nain
964 2825 1111 2894 negantes
1138 2810 1184 2875 illi

256 2931 405 3013 quidem,
427 2949 496 2996 esse
518 2931 628 3009 Deos,
650 2929 705 2993 sed
726 2928 785 2994 hos
806 2927 899 2992 nobis
919 2931 956 2994 el
981 2928 1084 3009 specie
1109 2946 1185 3011 pro·

257 3065 433 3129 ponentes,
466 3065 500 3111 ut
528 3045 607 3110 nihil
639 3046 750 3110 habere
776 3063 845 3108 cum
874 3059 983 3108 sancto
1015 3061 1047 3108 et
1075 3044 1179 3111 divino

254 3182 419 3230 commune
441 3164 613 3228 videantur.
659 3162 825 3243 Uriosque
846 3174 946 3225 autern
968 3160 1109 3244 mittere,
1127 3176 1180 3227 an·

256 3296 419 3361 teaquam,
447 3280 523 3361 quid
544 3279 673 3343 maxime
694 3277 754 3342 sihi
779 3277 893 3354 velint,
916 3279 1181 3360 cognoverimus,

256 3396 421 3462 nonlicet.
465 3397 532 3461 lmo
552 3415 648 3473 vero,
673 3413 737 3474 quo
763 3412 821 3458 nos
842 3393 902 3474 ipsi
923 3398 1019 3478 magis
1041 3413 1184 3463 caveres

255 3514 425 3578 temeritate
444 3510 705 3594 philosophorum
726 3510 856 3574 istorum
876 3528 968 3592 atque
987 3533 1004 3578 a
1023 3512 1107 3594 vulgi
1125 3530 1182 3577 su-

256 3630 464 3709 perstitione,
494 3645 585 3708 quam
615 3624 717 3706 poitis
750 3624 863 3706 debet,
898 3628 1112 3706 didicerimus,
1142 3645 1181 3692 eo

256 3747 357 3812 tutius
390 3743 577 3823 faciliusque
610 3743 667 3806 iter
691 3760 749 3808 nos
775 3758 915 3812 nostrum
947 3760 1181 3829 persequemur.

256 3862 368 3945 Ergo,
395 3879 472 3945 age,
501 3856 580 3941 quid
603 3857 706 3926 dicant
727 3862 851 3944 utrique
871 3864 936 3942 illi,
959 3860 990 3926 in
1011 3836 1185 3944 primisque

254 3977 461 4068 philosophi,
477 3975 650 4047 audiamus.

1092 4092 1190 4171 Pan
