2896 5168
623 515 665 531 ..
686 486 790 566 9⁸·-

253 683 328 750 pere
365 666 488 748 possint
527 663 643 729 coloris
683 664 812 730 dorema
856 677 922 729 tuns
961 679 1013 727 eas
1048 660 1186 745 tingunt.

253 782 420 870 Quidquid
452 782 512 846 boe
541 782 636 847 modo
660 779 792 846 tinctum
823 795 893 860 est,
933 778 1097 845 indelebile
1124 798 1190 846 ma·

252 915 328 979 net,
349 912 401 979 et,
424 897 634 978 quamtumvis
657 896 735 962 illud
755 897 860 976 laves,
893 895 960 960 sive
976 898 1086 977 aqui,
1119 895 1189 962 sive

251 1013 365 1081 additis
391 1012 484 1079 etiam
516 1011 712 1095 abstergendi
742 1011 906 1093 remediis,
944 1011 1004 1077 lios
1034 1012 1088 1077 ille
1117 1012 1188 1078 tolli

253 1131 342 1195 nullo
373 1128 470 1195 modo
498 1143 616 1210 potest.
691 1129 781 1212 Quae
810 1147 885 1194 vero
917 1146 981 1194 non
1011 1129 1070 1195 rite
1101 1148 1190 1213 prae·

255 1261 358 1329 parata
384 1260 477 1325 sunt,
512 1241 604 1309 facile
631 1243 681 1308 his
712 1246 803 1309 color
831 1242 954 1310 tollitur
984 1259 1016 1309 et
1042 1243 1187 1311 informia

256 1363 349 1427 fiunt.
413 1360 491 1426 Tale
521 1359 598 1442 quid
625 1360 726 1426 facere
753 1378 813 1424 nos
842 1360 1003 1426 studuisse
1030 1380 1091 1443 pro
1114 1359 1190 1428 viri·
1223 1404 1226 1409 ,

255 1480 315 1546 bus
342 1478 466 1562 cogita,
490 1496 587 1559 quum
608 1479 758 1543 custodes
782 1476 992 1560 eligebamus,
1013 1497 1134 1561 eosque
1156 1493 1188 1545 et

255 1594 373 1662 musici
389 1608 421 1660 et
438 1595 631 1677 gymnastiell
650 1593 882 1660 erudiebamusa
915 1608 1009 1676 atque
1027 1593 1187 1678 existima,

255 1711 333 1776 nibil
354 1729 414 1776 nos
435 1709 520 1775 aliud
540 1711 754 1793 excogitasse,
777 1730 868 1794 quam
890 1725 926 1776 ut
946 1711 1064 1793 optime
1082 1715 1188 1797 leges,

254 1842 411 1908 tamquam
431 1829 590 1906 colorem,
613 1826 817 1892 imbiberent:
861 1846 927 1908 quo
952 1827 1049 1912 magis
1074 1827 1190 1895 indele-

254 1942 327 2005 bilis
350 1961 458 2008 eorum
487 1958 569 2008 esset
593 1943 633 2008 de
663 1943 758 2009 rebus
786 1943 978 2009 terribilibus
1001 1945 1103 2027 deque
1122 1963 1191 2013 cae·

255 2057 331 2122 teris
368 2058 517 2122 omnibus
558 2059 691 2140 opinio,
735 2077 838 2139 neque
881 2061 1043 2127 tincturam
1078 2080 1188 2130 eorum

255 2175 380 2239 abolere
401 2189 531 2257 possent
552 2176 755 2258 purgationes
777 2175 853 2241 istae
874 2178 913 2242 ad
935 2178 1112 2244 diluendum
1135 2197 1189 2248 ve·

255 2291 519 2369 hementissimae‚
552 2294 698 2374 voluptas
721 2293 862 2373 scilicet,
895 2294 983 2360 omni
1009 2294 1083 2360 nitri
1113 2296 1190 2362 acri·

257 2406 361 2474 monia
390 2423 421 2472 et
450 2408 544 2472 calcis
572 2410 611 2473 ad
640 2408 871 2491 expurgandum
904 2410 1027 2476 acrior:
1082 2409 1191 2480 'dolos

259 2526 352 2603 item,
395 2540 497 2589 metus
527 2544 562 2589 ac
589 2522 766 2606 cupiditas,
807 2524 891 2588 omni
918 2525 978 2592 alii
1006 2527 1192 2610 purgatione

257 2642 296 2707 ad
323 2642 560 2724 abstergendum
587 2642 778 2724 potentiora.
824 2645 887 2719 Tit
916 2647 948 2712 δὲ
977 2647 1117 2721 τοιαύτην
1141 2647 1192 2715 δύ·

142 2819 145 2823 .
226 2802 233 2819 ·
259 2786 347 2843 ννμνν
378 2762 428 2827 eati
459 2762 603 2842 σωτηρίαν
634 2762 684 2826 διὰ
714 2763 824 2835 παντὸς
854 2762 938 2840 δόξης
964 2763 1044 2844 ipiaie
1072 2787 1108 2830 rs
1137 2763 1189 2830 itai

260 2879 380 2959 ννμίμνν
404 2877 583 2957 derveisin
604 2876 654 2942 xil
679 2879 743 2955 pei.
775 2879 845 2944 νίνδ
853 2879 912 2958 pel
918 2902 963 2944 νιν
983 2879 1084 2957 ἔγωγε
1103 2887 1187 2947 καλῶ

260 2995 311 3058 sal
329 2995 460 3072 τίθεμαι.
504 2989 597 3055 Hono
620 2994 728 3074 utique
747 2994 831 3067 νίνι,
855 3007 958 3095 rectae
974 2993 1192 3081 legitimaeque

260 3110 408 3188 opinionis
436 3109 693 3170 conservatricem
730 3106 768 3171 de
802 3107 995 3173 terribilibus
1026 3129 1193 3195 eorumque
1221 3142 1226 3153 ·
1301 3174 1305 3189 ,

260 3224 453 3297 contrariis,
483 3223 787 3300 fortitudinem
820 3242 890 3288 voco
918 3221 1058 3310 equidem
1095 3241 1193 3311 atque

262 3357 377 3402 assero.
402 3335 443 3403 (¹)

1039 3524 1051 3542 ,
1102 3461 1197 3527 Ubi·

302 3841 342 3907 (tl
362 3843 431 3910 ἆορ.
451 3838 502 3894 tv.
523 3842 575 3894 428
589 3841 623 3895 D.
635 3872 664 3885 -
674 3841 738 3895 tao.
750 3844 779 3895 ll.
831 3845 896 3900 vid.
910 3847 943 3898 da
955 3804 1005 3901 hoe
1016 3848 1035 3901 l.
1049 3801 1196 3905 Ruhnken.

266 3945 296 3992 sd
319 3942 390 3994 Tira.
408 3962 433 3996 ν.
451 3942 622 4013 δννσνπννίς.
660 3947 761 4004 stills.
778 3949 877 4004 adinl.
898 3959 926 4005 et
953 3952 1100 4019 DanTex,
1119 3958 1198 4008 deri

267 4041 382 4094 mutim
390 4072 399 4103 ‚
417 4039 526 4109 1³.ssss
538 4044 595 4103 251.
