2896 5168
723 470 920 542 ²²04·-

356 635 463 703 missis
492 639 622 706 muitum
650 643 776 721 valent,
802 642 1039 727 exorabileeque
1060 618 1228 728 nissum,
1252 664 1288 714 ut

358 756 659 824 maximaecivitates
671 757 819 823 affirmant
828 777 862 823 ac
873 760 1009 825 Deorum
1021 758 1097 839 filii,
1110 766 1232 844 poetae.
1243 764 1286 832 (¹)

623 991 681 1057 De
711 998 1017 1081 superstitione.

401 1215 614 1282 Memoraudis
654 1215 738 1280 hisce
770 1232 930 1299 poetarum
965 1216 1090 1298 effatis,
1122 1222 1290 1307 descripsit

358 1334 451 1399 nobis
472 1335 559 1400 Plato
578 1334 726 1419 abjectam
743 1333 856 1416 simul,
873 1355 953 1416 quae
971 1335 1072 1420 ipsius
1089 1352 1188 1405 aetate
1203 1358 1290 1424 gras-
1398 1340 1401 1344 ’

359 1449 505 1530 sabatur,
529 1451 802 1533 superstitionem:
827 1470 925 1534 aqua
941 1471 980 1518 ne
997 1468 1140 1521 nostrum
1161 1457 1289 1540 quidem
1328 1458 1334 1466 '

358 1587 468 1636 aevum
479 1614 492 1652 ,
505 1568 649 1652 quamvis
670 1568 807 1653 optimae
824 1569 984 1652 religionis
996 1571 1068 1638 luce
1076 1570 1289 1656 illustratum,

249 1770 252 1775 ι
358 1687 506 1753 abhorret
533 1689 634 1770 plane.
683 1687 854 1779 Incidimus
875 1703 978 1753 tutem
999 1687 1042 1754 ita
1061 1703 1165 1755 mente
1184 1704 1216 1756 et
1234 1709 1293 1756 eo·

357 1803 507 1889 gitatione
523 1803 555 1868 iu
575 1805 661 1869 nulla
679 1821 744 1869 nou
764 1804 1000 1886 superstitionis
1018 1822 1149 1889 genere,
1168 1806 1202 1872 iu
1220 1807 1291 1891 qui·

358 1921 419 1984 bus
440 1936 539 2002 sunt,
560 1939 640 2002 quae
661 1923 755 1985 vitam
778 1922 940 1986 hominum
963 1923 1154 1989 conturbent
1174 1924 1288 2007 plane,

358 2039 476 2120 quippe
498 2038 584 2102 vanis
606 2052 752 2101 contenta
772 2036 1031 2105 divinationibus.
1063 2037 1168 2106 Instat
1185 2042 1291 2122 caim,

357 2155 403 2220 sic
414 2156 528 2221 Cicero
538 2157 577 2220 de
587 2155 643 2219 hac
659 2153 895 2236 superstitionis
910 2156 1048 2233 ratione,
1064 2172 1095 2222 at
1109 2171 1220 2241 urget,
1237 2171 1288 2240 at,

357 2294 422 2358 qua·
437 2287 469 2336 ta
489 2291 618 2356 cumque
638 2275 791 2346 terteris,
810 2276 1032 2358 persequitur:
1047 2277 1290 2356 siuttutatam,

356 2395 564 2458 sisetstamea
576 2386 734 2465 audiaris,
749 2391 812 2454 sire
827 2391 1021 2469 immolaris,
1041 2393 1105 2457 sire
1125 2410 1213 2459 atam
1233 2391 1293 2457 ael·

358 2514 518 2597 spexeris:
546 2512 573 2573 si
594 2504 810 2584 Chaldaeum,
840 2511 868 2571 si
886 2507 1081 2592 haruspicem
1105 2505 1244 2575 rideris:
1262 2513 1292 2575 si

348 2623 506 2707 fulserit,
524 2625 552 2687 si
564 2625 726 2701 tonuerit,
744 2625 774 2686 si
790 2636 910 2687 tartum
927 2620 1054 2706 aliquid
1064 2622 1176 2689 eritde
1190 2624 1291 2691 caela:

359 2745 387 2809 si
407 2745 518 2810 ostenti
535 2742 635 2807 simile
653 2754 763 2804 natum
772 2738 938 2820 factumue
954 2741 1139 2826 quippiam:
1158 2761 1291 2827 quarum
1362 2794 1365 2799 .

359 2878 473 2925 aeaesst
493 2873 539 2923 est
555 2830 737 2944 plerumque
756 2855 884 2941 aliquid
901 2857 1022 2921 euersiat
1034 2876 1048 2920 :
1074 2872 1111 2922 ut
1131 2877 1291 2943 nunquam

357 2976 452 3041 licam
472 2972 583 3060 quieth
602 2987 701 3038 meare
720 2976 896 3038 consistere.
949 2972 1137 3057 Perfugium
1164 2973 1294 3044 ridetur

359 3093 493 3158 ommium
515 3089 656 3155 laborum
677 3103 707 3154 et
728 3086 970 3154 sollicitudinum
997 3110 1059 3155 esse
1086 3109 1229 3176 samatus,·
1252 3107 1292 3160 at

360 3230 400 3277 ese
420 3229 452 3274 ea
470 3211 535 3295 ipsa
553 3207 712 3295 plurimae
729 3226 826 3271 curae
845 3221 1003 3292 metusque
1021 3223 1217 3274 nascuntur:
1235 3211 1293 3294 qui

359 3324 481 3417 quidem
502 3327 563 3412 ipsi
578 3340 687 3410 perse
706 3326 807 3389 miuus
825 3323 968 3388 ualerem
986 3336 1017 3388 et
1040 3327 1139 3419 magis
1157 3338 1293 3390 comtem-

359 3457 523 3520 mereatur,
552 3432 617 3507 niti
647 3441 832 3505 somniorum
870 3441 1083 3524 patrocinium
1121 3439 1293 3526 philosophi

358 3562 566 3642 suscepissent·
590 3555 631 3626 (tl
662 3555 737 3641 Quo
759 3555 857 3636 magis
874 3557 1057 3637 apponenda
1076 3556 1126 3622 his
1143 3557 1291 3623 omnibus

271 3692 278 3706 ’
360 3674 496 3743 Platonis
526 3670 667 3739 doctrina
694 3671 838 3750 videtur,
869 3690 947 3752 quse
978 3691 1016 3737 ex
1051 3672 1121 3755 ipso
1151 3671 1291 3739 hominis

362 3792 465 3857 animo
485 3792 601 3871 ducta,
622 3788 694 3854 illuc
716 3805 799 3871 uos,
825 3787 859 3852 ni
887 3787 1042 3871 fallimur,
1072 3791 1205 3857 adducet
1234 3790 1293 3857 ali·

1195 3925 1295 3992 quan·

397 4025 439 4090 (t)
457 4024 500 4073 Da
516 4023 586 4091 lies·
604 4019 646 4076 ll·
662 4015 722 4076 565.
740 4019 778 4074 1).
794 4046 825 4063 -
841 4022 901 4076 566.
923 4023 952 4076 B.
1006 4022 1048 4094 (a)
1068 4020 1129 4079 cie.
1149 4023 1183 4079 de
1201 4024 1292 4077 ditia·

362 4109 405 4162 ll.
421 4126 465 4181 7²·
