2896 5168
638 456 833 537 ...167-

255 659 323 708 non
353 657 431 708 vero
464 640 538 708 baec
578 639 681 706 omnia
708 638 742 704 in
772 654 872 703 unum
902 632 1058 717 quoddam
1095 650 1192 720 neqo-

254 758 353 839 tium‚
375 757 445 825 sive
466 757 499 824 id
525 755 648 823 animus
676 754 749 823 sive
771 770 965 838 quocunque
992 752 1114 818 tandem
1132 770 1193 818 no·

254 875 340 942 mine
367 873 533 940 dicendum
560 871 622 951 sit,
653 888 715 936 una
742 872 989 949 contenderent,
1022 887 1113 949 quo,
1128 885 1191 957 por

253 1007 368 1057 sensus
394 989 516 1080 hosce,
544 1000 701 1067 tamquam
730 1004 868 1070 organa,
888 987 1075 1054 sentiremus
1097 1003 1193 1067 quac»

254 1123 392 1186 cumque
418 1121 514 1170 sertsu
545 1101 775 1186 percipiuntur.
841 1101 928 1170 Tum
964 1104 1026 1169 hoc
1056 1103 1192 1177 animad

252 1221 451 1288 vertendum.
493 1219 607 1287 Mente
631 1219 849 1314 percipimus,
872 1240 951 1300 quae
979 1219 1101 1304 percipi
1131 1236 1189 1301 per
1304 1236 1314 1261 .

253 1354 367 1404 sensus
397 1353 464 1401 non
489 1326 657 1420 possunt.'
684 1336 768 1401 Nam
798 1351 835 1402 ut
860 1355 917 1419 per
949 1338 1061 1402 oculos
1080 1334 1187 1416 aliud,
1252 1421 1258 1430 Ι

251 1450 336 1519 uliud
347 1469 406 1534 per
431 1469 524 1518 aures
546 1451 770 1534 assequimur,
788 1450 833 1518 ita
850 1452 940 1519 ambo
961 1453 1037 1519 lraec
1055 1452 1190 1521 dicimur

251 1581 284 1635 ct
299 1581 476 1648 utrumque,
488 1588 606 1650 aarum
618 1568 678 1632 boc
691 1581 796 1633 autem
819 1567 924 1652 ipsum
941 1571 1031 1638 ambo
1043 1584 1076 1647 et
1093 1588 1190 1647 unum

187 1768 189 1772 v
253 1698 286 1749 et
322 1683 471 1749 universe
505 1699 653 1748 numeros
684 1701 751 1749 non
774 1703 831 1766 per
861 1704 999 1767 sensus,
1042 1688 1098 1755 sed
1125 1691 1189 1758 und

251 1812 358 1864 mente
386 1797 591 1882 percipimus.
643 1797 763 1864 Eadem
798 1800 878 1864 ratio
907 1785 1123 1868 similitudinis
1155 1819 1189 1872 ct

252 1914 514 1984 dissimilitudinis
530 1931 602 1996 est,
624 1917 729 1983 eadem
747 1916 894 1998 illorum,
918 1917 1035 1998 quibus
1054 1919 1188 2001 loquen-

251 2029 294 2096 do
328 2030 466 2098 tribuere
494 2046 540 2098 est
569 2032 619 2098 vel
653 2052 714 2098 oon
738 2046 798 2098 cst
819 2036 974 2103 solemus.
1034 2035 1073 2102 in
1100 2037 1188 2105 omni

251 2147 326 2214 haec
346 2158 490 2213 sermone
518 2160 735 2230 usurpantur,
779 2150 901 2234 quippe
925 2155 1101 2218 communia
1121 2171 1190 2229 orn·

250 2264 360 2331 nibus.
404 2265 490 2330 Haec
517 2263 612 2348 igitur
635 2264 852 2348 imprimisque
881 2266 968 2332 ideae
993 2269 1121 2351 proprie
1142 2270 1188 2351 siu

251 2382 376 2462 dictae,
397 2385 439 2450 rol
459 2383 531 2451 dara
555 2392 654 2459 sunt,
677 2380 757 2461 quae
784 2399 874 2446 mens
906 2397 1014 2448 nostru
1041 2385 1109 2468 ipsa
1131 2401 1189 2468 per

250 2516 343 2579 sese,
366 2497 434 2563 sine
460 2513 611 2562 sensuum
641 2514 719 2580 ope,
754 2497 912 2583 percipit;
934 2501 1062 2567 adhibet
1082 2516 1186 2570 autem
1298 2509 1301 2513 ’

249 2613 478 2702 cognoscendis
501 2610 744 2698 judicandisque
771 2610 893 2694 rebus,
935 2633 1013 2698 quas
1032 2636 1089 2700 per
1114 2637 1188 2685 sen·

250 2754 306 2801 sus
339 2729 527 2817 perceperit.
571 2730 608 2795 Id
635 2729 714 2796 illud
741 2742 813 2811 est,
847 2731 935 2812 quod
962 2732 994 2797 in
1022 2733 1189 2819 elegantis-

249 2852 328 2919 simi
349 2849 443 2916 animi
466 2856 538 2913 cunr
566 2866 656 2913 cereo
696 2851 850 2934 ἐκμαγειῷ
881 2849 1116 2932 comparatione
1145 2852 1186 2918 de

249 2967 448 3051 sapientibus
473 2964 577 3040 dixit,
612 2982 738 3044 nosque
766 2965 986 3031 attendendum
1018 2967 1050 3031 in
1076 2968 1186 3053 primis
1230 3017 1233 3023 .

249 3081 407 3148 duximus.
451 3076 648 3160 Vulgaribus
670 3075 875 3157 hominibus,
896 3072 1022 3161 inquit,
1045 3085 1095 3147 vel
1111 3080 1187 3176 den7

251 3216 324 3264 sum
346 3201 381 3267 r'l
413 3197 483 3278 alan
515 3207 562 3258 est
593 3195 645 3259 vel
679 3194 869 3282 lutulentum
895 3195 947 3261 vel
979 3194 1077 3262 molle
1094 3196 1188 3266 nimia

183 3341 185 3345 ¹
249 3316 303 3382 vel
328 3308 459 3391 durum,
481 3324 518 3377 ut
540 3328 690 3376 sensuum
716 3308 749 3373 in
774 3328 812 3375 eo
839 3309 929 3395 signa
950 3309 1083 3377 obscura
1102 3305 1188 3414 sinr'³

249 3434 401 3519 repletum
427 3448 524 3509 uero,
557 3448 626 3494 cum
660 3427 753 3492 clara
782 3424 859 3492 hau
890 3430 965 3514 ipsis
999 3422 1063 3495 sint
1093 3446 1122 3496 er
1149 3436 1186 3498 iar

249 3547 359 3634 ampla
386 3547 531 3629 regione,
563 3544 689 3631 singula
717 3541 863 3608 celeriter
883 3548 919 3608 in
949 3567 1022 3612 suas
1048 3568 1189 3637 quaeque

250 3664 358 3751 effigies
386 3659 604 3742 distribuunt,
626 3680 709 3746 quae
735 3660 808 3729 lm
832 3675 987 3726 uocantur
1006 3661 1068 3734 (ι).

292 3778 387 3845 Hunc
410 3775 505 3861 igitur
533 3776 566 3841 in
599 3776 736 3865 nodum,
754 3776 869 3858 Plato,
902 3775 940 3842 ab
971 3772 1184 3847 Eleaticorunr
1213 3812 1216 3817 ¹

1111 3917 1188 3984 pto·
1294 3884 1303 3903 ’

287 4021 328 4094 (ι)
351 4019 466 4075 Tlracet.
484 3998 544 4088 194·
561 4013 600 4074 D·
