<?xml version="1.0" encoding="UTF-8"?>
<!DOCTYPE html PUBLIC "-//W3C//DTD XHTML 1.0 Transitional//EN"
    "http://www.w3.org/TR/xhtml1/DTD/xhtml1-transitional.dtd">
<html xmlns="http://www.w3.org/1999/xhtml" xml:lang="en" lang="en">
 <head>
  <title>
</title>
<meta http-equiv="Content-Type" content="text/html;charset=utf-8" />
  <meta name='ocr-system' content='tesseract 3.04.00' />
  <meta name='ocr-capabilities' content='ocr_page ocr_carea ocr_par ocr_line ocrx_word'/>
</head>
<body>
  <div class='ocr_page' id='page_1' title='image "./initiaphilosoph04heusgoog_0448.png"; bbox 0 0 2896 5168; ppageno 0'>
   <div class='ocr_carea' id='block_1_1' title="bbox 600 426 801 501">
    <p class='ocr_par' dir='ltr' id='par_1_1' title="bbox 600 426 801 501">
     <span class='ocr_line' id='line_1_1' title="bbox 600 426 801 501; baseline -0.01 0"><span class='ocrx_word' id='word_1_1' title='bbox 600 426 732 501; x_wconf 71' lang='lat' dir='ltr'><strong>-r&#39;ds</strong></span> <span class='ocrx_word' id='word_1_2' title='bbox 755 464 801 488; x_wconf 84' lang='lat'><strong>-</strong></span> 
     </span>
    </p>
   </div>
   <div class='ocr_carea' id='block_1_2' title="bbox 126 609 1167 2442">
    <p class='ocr_par' dir='ltr' id='par_1_2' title="bbox 229 609 1162 820">
     <span class='ocr_line' id='line_1_2' title="bbox 230 609 1162 710; baseline -0.001 -27"><span class='ocrx_word' id='word_1_3' title='bbox 230 617 393 710; x_wconf 81' lang='lat' dir='ltr'><strong>proiectus</strong></span> <span class='ocrx_word' id='word_1_4' title='bbox 422 621 487 703; x_wconf 69' lang='grc' dir='ltr'><strong>περὶ</strong></span> <span class='ocrx_word' id='word_1_5' title='bbox 513 624 565 687; x_wconf 76' lang='lat' dir='ltr'><strong>roll</strong></span> <span class='ocrx_word' id='word_1_6' title='bbox 591 618 670 691; x_wconf 71' lang='lat' dir='ltr'><strong>dorse</strong></span> <span class='ocrx_word' id='word_1_7' title='bbox 698 614 845 698; x_wconf 88' lang='lat' dir='ltr'><strong>placitis,</strong></span> <span class='ocrx_word' id='word_1_8' title='bbox 877 633 917 680; x_wconf 93' lang='lat' dir='ltr'><strong>eo</strong></span> <span class='ocrx_word' id='word_1_9' title='bbox 941 609 1104 699; x_wconf 82' lang='lat' dir='ltr'><strong>pervenit,</strong></span> <span class='ocrx_word' id='word_1_10' title='bbox 1126 634 1162 685; x_wconf 85' lang='lat' dir='ltr'><strong>ut</strong></span> 
     </span>
     <span class='ocr_line' id='line_1_3' title="bbox 229 731 1162 820; baseline -0.002 -21"><span class='ocrx_word' id='word_1_11' title='bbox 229 753 316 817; x_wconf 87' lang='lat' dir='ltr'><strong>non,</strong></span> <span class='ocrx_word' id='word_1_12' title='bbox 346 735 452 820; x_wconf 88' lang='lat' dir='ltr'><strong>prouti</strong></span> <span class='ocrx_word' id='word_1_13' title='bbox 475 735 542 811; x_wconf 86' lang='lat' dir='ltr'><strong>illi,</strong></span> <span class='ocrx_word' id='word_1_14' title='bbox 576 732 628 796; x_wconf 81' lang='lat' dir='ltr'><strong>vix</strong></span> <span class='ocrx_word' id='word_1_15' title='bbox 655 734 748 797; x_wconf 87' lang='lat' dir='ltr'><strong>ullam</strong></span> <span class='ocrx_word' id='word_1_16' title='bbox 782 731 910 798; x_wconf 91' lang='lat' dir='ltr'><strong>haberet</strong></span> <span class='ocrx_word' id='word_1_17' title='bbox 939 751 1088 813; x_wconf 90' lang='lat' dir='ltr'><strong>sensuum</strong></span> <span class='ocrx_word' id='word_1_18' title='bbox 1116 753 1162 797; x_wconf 85' lang='lat' dir='ltr'><strong>ra·</strong></span> 
     </span>
    </p>

    <p class='ocr_par' dir='ltr' id='par_1_3' title="bbox 126 840 1167 2442">
     <span class='ocr_line' id='line_1_4' title="bbox 231 840 1164 933; baseline 0 -19"><span class='ocrx_word' id='word_1_19' title='bbox 231 851 373 931; x_wconf 85' lang='lat' dir='ltr'><strong>tionem,</strong></span> <span class='ocrx_word' id='word_1_20' title='bbox 395 870 474 928; x_wconf 90' lang='lat' dir='ltr'><strong>nec,</strong></span> <span class='ocrx_word' id='word_1_21' title='bbox 496 848 617 913; x_wconf 85' lang='lat' dir='ltr'><strong>hercle!</strong></span> <span class='ocrx_word' id='word_1_22' title='bbox 641 863 677 914; x_wconf 89' lang='lat' dir='ltr'><strong>ut</strong></span> <span class='ocrx_word' id='word_1_23' title='bbox 702 850 856 932; x_wconf 80' lang='lat' dir='ltr'>sophistis</span> <span class='ocrx_word' id='word_1_24' title='bbox 877 840 1037 933; x_wconf 58' lang='lat' dir='ltr'><strong>placebat,&#39;</strong></span> <span class='ocrx_word' id='word_1_25' title='bbox 1060 850 1164 914; x_wconf 91' lang='lat' dir='ltr'><strong>omnia</strong></span> 
     </span>
     <span class='ocr_line' id='line_1_5' title="bbox 126 944 1163 1044; baseline 0 -14"><span class='ocrx_word' id='word_1_26' title='bbox 126 944 129 949; x_wconf 36' lang='lat'><strong><em>¹</em></strong></span> <span class='ocrx_word' id='word_1_27' title='bbox 230 965 273 1037; x_wconf 87' lang='lat' dir='ltr'><strong>lis</strong></span> <span class='ocrx_word' id='word_1_28' title='bbox 304 967 475 1043; x_wconf 83' lang='lat' dir='ltr'><strong>tribueret,</strong></span> <span class='ocrx_word' id='word_1_29' title='bbox 497 964 553 1029; x_wconf 91' lang='lat' dir='ltr'><strong>sed</strong></span> <span class='ocrx_word' id='word_1_30' title='bbox 581 984 668 1031; x_wconf 90' lang='lat' dir='ltr'><strong>suam</strong></span> <span class='ocrx_word' id='word_1_31' title='bbox 700 968 846 1033; x_wconf 83' lang='lat' dir='ltr'><strong>sensibus</strong></span> <span class='ocrx_word' id='word_1_32' title='bbox 873 968 937 1032; x_wconf 87' lang='lat' dir='ltr'><strong>vim</strong></span> <span class='ocrx_word' id='word_1_33' title='bbox 964 969 1163 1044; x_wconf 84' lang='lat' dir='ltr'><strong>concedens,</strong></span> 
     </span>
     <span class='ocr_line' id='line_1_6' title="bbox 232 1081 1165 1153; baseline 0 -7"><span class='ocrx_word' id='word_1_34' title='bbox 232 1101 383 1153; x_wconf 84' lang='lat' dir='ltr'><strong>summam</strong></span> <span class='ocrx_word' id='word_1_35' title='bbox 405 1081 555 1148; x_wconf 88' lang='lat' dir='ltr'>tribueret</span> <span class='ocrx_word' id='word_1_36' title='bbox 583 1084 679 1148; x_wconf 89' lang='lat' dir='ltr'><strong>menti</strong></span> <span class='ocrx_word' id='word_1_37' title='bbox 705 1084 744 1148; x_wconf 90' lang='lat' dir='ltr'><strong>ad</strong></span> <span class='ocrx_word' id='word_1_38' title='bbox 775 1084 842 1149; x_wconf 90' lang='lat' dir='ltr'><strong>veri</strong></span> <span class='ocrx_word' id='word_1_39' title='bbox 871 1085 1030 1151; x_wconf 89' lang='lat' dir='ltr'><strong>scientiam</strong></span> <span class='ocrx_word' id='word_1_40' title='bbox 1058 1099 1165 1148; x_wconf 81' lang='lat' dir='ltr'><strong>aucto·</strong></span> 
     </span>
     <span class='ocr_line' id='line_1_7' title="bbox 232 1197 1167 1284; baseline -0.005 -17"><span class='ocrx_word' id='word_1_41' title='bbox 232 1197 365 1267; x_wconf 78' lang='lat' dir='ltr'><strong>ritatem.</strong></span> <span class='ocrx_word' id='word_1_42' title='bbox 409 1197 537 1282; x_wconf 87' lang='lat' dir='ltr'><strong>Quibus</strong></span> <span class='ocrx_word' id='word_1_43' title='bbox 566 1200 743 1283; x_wconf 74' lang='lat' dir='ltr'><strong>expositis,</strong></span> <span class='ocrx_word' id='word_1_44' title='bbox 775 1215 901 1280; x_wconf 88' lang='lat' dir='ltr'><strong>quaerat</strong></span> <span class='ocrx_word' id='word_1_45' title='bbox 930 1202 981 1264; x_wconf 87' lang='lat' dir='ltr'><strong>hle</strong></span> <span class='ocrx_word' id='word_1_46' title='bbox 1006 1199 1167 1284; x_wconf 23' lang='lat' dir='ltr'><strong>forteuali·</strong></span> 
     </span>
     <span class='ocr_line' id='line_1_8' title="bbox 232 1310 1163 1396; baseline -0.001 -20"><span class='ocrx_word' id='word_1_47' title='bbox 232 1310 327 1396; x_wconf 88' lang='lat' dir='ltr'><strong>quis,</strong></span> <span class='ocrx_word' id='word_1_48' title='bbox 368 1313 429 1377; x_wconf 90' lang='lat' dir='ltr'><strong>utri</strong></span> <span class='ocrx_word' id='word_1_49' title='bbox 455 1316 716 1396; x_wconf 87' lang='lat' dir='ltr'><strong>philosophorum</strong></span> <span class='ocrx_word' id='word_1_50' title='bbox 744 1313 848 1394; x_wconf 83' lang='lat' dir='ltr'><strong>generi</strong></span> <span class='ocrx_word' id='word_1_51' title='bbox 877 1312 987 1390; x_wconf 87' lang='lat' dir='ltr'><strong>Plato,</strong></span> <span class='ocrx_word' id='word_1_52' title='bbox 1022 1315 1163 1393; x_wconf 88' lang='lat' dir='ltr'><strong>sceptico</strong></span> 
     </span>
     <span class='ocr_line' id='line_1_9' title="bbox 228 1403 1160 1509; baseline 0.001 -18"><span class='ocrx_word' id='word_1_53' title='bbox 228 1444 268 1502; x_wconf 71' lang='lat' dir='ltr'><strong>en</strong></span> <span class='ocrx_word' id='word_1_54' title='bbox 297 1428 498 1509; x_wconf 84' lang='lat' dir='ltr'><strong>dogmatico,</strong></span> <span class='ocrx_word' id='word_1_55' title='bbox 529 1427 738 1491; x_wconf 89' lang='lat' dir='ltr'><strong>accensendus</strong></span> <span class='ocrx_word' id='word_1_56' title='bbox 766 1427 820 1492; x_wconf 85' lang='lat' dir='ltr'><strong>sit.</strong></span> <span class='ocrx_word' id='word_1_57' title='bbox 865 1403 946 1493; x_wconf 86' lang='lat' dir='ltr'><strong>Nam</strong></span> <span class='ocrx_word' id='word_1_58' title='bbox 974 1427 1160 1492; x_wconf 85' lang='lat' dir='ltr'><strong>recentiores</strong></span> 
     </span>
     <span class='ocr_line' id='line_1_10' title="bbox 230 1540 1162 1624; baseline -0.003 -15"><span class='ocrx_word' id='word_1_59' title='bbox 230 1540 436 1609; x_wconf 77' lang='lat' dir='ltr'><strong>Academicos</strong></span> <span class='ocrx_word' id='word_1_60' title='bbox 465 1540 600 1608; x_wconf 85' lang='lat' dir='ltr'><strong>vidimus</strong></span> <span class='ocrx_word' id='word_1_61' title='bbox 615 1589 646 1624; x_wconf 52' lang='lat'><strong>‚,</strong></span> <span class='ocrx_word' id='word_1_62' title='bbox 666 1543 809 1624; x_wconf 86' lang='lat' dir='ltr'><strong>quamvis</strong></span> <span class='ocrx_word' id='word_1_63' title='bbox 841 1560 906 1608; x_wconf 92' lang='lat' dir='ltr'><strong>non</strong></span> <span class='ocrx_word' id='word_1_64' title='bbox 935 1542 1038 1607; x_wconf 88' lang='lat' dir='ltr'><strong>minus</strong></span> <span class='ocrx_word' id='word_1_65' title='bbox 1069 1561 1162 1622; x_wconf 84' lang='lat' dir='ltr'><strong>quarn</strong></span> 
     </span>
     <span class='ocr_line' id='line_1_11' title="bbox 225 1654 1162 1740; baseline 0 -16"><span class='ocrx_word' id='word_1_66' title='bbox 225 1669 351 1736; x_wconf 19' lang='lat' dir='ltr'><strong>*veteres</strong></span> <span class='ocrx_word' id='word_1_67' title='bbox 395 1656 429 1720; x_wconf 91' lang='lat' dir='ltr'><strong>in</strong></span> <span class='ocrx_word' id='word_1_68' title='bbox 466 1659 604 1724; x_wconf 85' lang='lat' dir='ltr'><strong>Platonis</strong></span> <span class='ocrx_word' id='word_1_69' title='bbox 649 1654 889 1726; x_wconf 90' lang='lat' dir='ltr'><strong>successoribus</strong></span> <span class='ocrx_word' id='word_1_70' title='bbox 936 1662 1162 1740; x_wconf 86' lang='lat' dir='ltr'><strong>numerandos,</strong></span> 
     </span>
     <span class='ocr_line' id='line_1_12' title="bbox 231 1775 1162 1868; baseline 0.002 -28"><span class='ocrx_word' id='word_1_71' title='bbox 231 1787 363 1868; x_wconf 77' lang='lat' dir='ltr'><strong>prorsus</strong></span> <span class='ocrx_word' id='word_1_72' title='bbox 395 1775 497 1852; x_wconf 76' lang='lat' dir='ltr'><strong>luisse</strong></span> <span class='ocrx_word' id='word_1_73' title='bbox 524 1776 562 1841; x_wconf 90' lang='lat' dir='ltr'><strong>ad</strong></span> <span class='ocrx_word' id='word_1_74' title='bbox 593 1776 802 1861; x_wconf 88' lang='lat' dir='ltr'><strong>scepticorum</strong></span> <span class='ocrx_word' id='word_1_75' title='bbox 835 1778 986 1844; x_wconf 89' lang='lat' dir='ltr'><strong>rationem</strong></span> <span class='ocrx_word' id='word_1_76' title='bbox 1020 1794 1162 1859; x_wconf 78' lang='lat' dir='ltr'><strong>pronosa</strong></span> 
     </span>
     <span class='ocr_line' id='line_1_13' title="bbox 233 1892 1167 1965; baseline -0.001 -7"><span class='ocrx_word' id='word_1_77' title='bbox 233 1893 310 1965; x_wconf 90' lang='lat' dir='ltr'><strong>haec</strong></span> <span class='ocrx_word' id='word_1_78' title='bbox 331 1906 435 1959; x_wconf 88' lang='lat' dir='ltr'><strong>autern</strong></span> <span class='ocrx_word' id='word_1_79' title='bbox 462 1893 600 1959; x_wconf 89' lang='lat' dir='ltr'><strong>Platonis</strong></span> <span class='ocrx_word' id='word_1_80' title='bbox 624 1895 788 1959; x_wconf 89' lang='lat' dir='ltr'><strong>demente</strong></span> <span class='ocrx_word' id='word_1_81' title='bbox 818 1909 849 1960; x_wconf 92' lang='lat' dir='ltr'><strong>et</strong></span> <span class='ocrx_word' id='word_1_82' title='bbox 876 1892 1004 1958; x_wconf 83' lang='lat' dir='ltr'><strong>scienrid</strong></span> <span class='ocrx_word' id='word_1_83' title='bbox 1028 1893 1167 1957; x_wconf 88' lang='lat' dir='ltr'><strong>doctrina</strong></span> 
     </span>
     <span class='ocr_line' id='line_1_14' title="bbox 231 2007 1166 2093; baseline -0.004 -19"><span class='ocrx_word' id='word_1_84' title='bbox 231 2007 480 2093; x_wconf 86' lang='lat' dir='ltr'><strong>dogmaticorum</strong></span> <span class='ocrx_word' id='word_1_85' title='bbox 498 2010 641 2075; x_wconf 90' lang='lat' dir='ltr'><strong>videatur</strong></span> <span class='ocrx_word' id='word_1_86' title='bbox 661 2009 811 2076; x_wconf 82' lang='lat' dir='ltr'><strong>rationem</strong></span> <span class='ocrx_word' id='word_1_87' title='bbox 833 2010 961 2076; x_wconf 88' lang='lat' dir='ltr'><strong>referre.</strong></span> <span class='ocrx_word' id='word_1_88' title='bbox 1005 2007 1081 2090; x_wconf 90' lang='lat' dir='ltr'><strong>Quo</strong></span> <span class='ocrx_word' id='word_1_89' title='bbox 1100 2010 1166 2089; x_wconf 86' lang='lat' dir='ltr'><strong>ple-</strong></span> 
     </span>
     <span class='ocr_line' id='line_1_15' title="bbox 230 2123 1165 2211; baseline -0.004 -21"><span class='ocrx_word' id='word_1_90' title='bbox 230 2126 305 2204; x_wconf 78' lang='lat' dir='ltr'><strong>nius</strong></span> <span class='ocrx_word' id='word_1_91' title='bbox 329 2127 498 2211; x_wconf 90' lang='lat' dir='ltr'><strong>aliquando</strong></span> <span class='ocrx_word' id='word_1_92' title='bbox 522 2127 662 2194; x_wconf 82' lang='lat' dir='ltr'><strong>Platonis</strong></span> <span class='ocrx_word' id='word_1_93' title='bbox 692 2127 892 2193; x_wconf 79' lang='lat' dir='ltr'><strong>absolvamus</strong></span> <span class='ocrx_word' id='word_1_94' title='bbox 921 2145 991 2191; x_wconf 91' lang='lat' dir='ltr'><strong>curn</strong></span> <span class='ocrx_word' id='word_1_95' title='bbox 1013 2123 1165 2208; x_wconf 87' lang='lat' dir='ltr'><strong>sophistis</strong></span> 
     </span>
     <span class='ocr_line' id='line_1_16' title="bbox 223 2242 1166 2331; baseline -0.003 -23"><span class='ocrx_word' id='word_1_96' title='bbox 223 2242 409 2331; x_wconf 67' lang='lat' dir='ltr'><strong>priscisque</strong></span> <span class='ocrx_word' id='word_1_97' title='bbox 436 2244 639 2329; x_wconf 89' lang='lat' dir='ltr'><strong>philosophis</strong></span> <span class='ocrx_word' id='word_1_98' title='bbox 662 2245 944 2328; x_wconf 87' lang='lat' dir='ltr'><strong>comparationem,</strong></span> <span class='ocrx_word' id='word_1_99' title='bbox 967 2259 1080 2325; x_wconf 85' lang='lat' dir='ltr'><strong>operae</strong></span> <span class='ocrx_word' id='word_1_100' title='bbox 1096 2258 1166 2323; x_wconf 75' lang='lat' dir='ltr'><strong>pre</strong></span> 
     </span>
     <span class='ocr_line' id='line_1_17' title="bbox 232 2352 1154 2442; baseline -0.002 -14"><span class='ocrx_word' id='word_1_101' title='bbox 232 2359 314 2435; x_wconf 80' lang='lat' dir='ltr'><strong>&#39;ium</strong></span> <span class='ocrx_word' id='word_1_102' title='bbox 340 2362 466 2433; x_wconf 82' lang='lat' dir='ltr'><strong>videtur</strong></span> <span class='ocrx_word' id='word_1_103' title='bbox 484 2362 516 2428; x_wconf 88' lang='lat' dir='ltr'><strong>in</strong></span> <span class='ocrx_word' id='word_1_104' title='bbox 541 2361 618 2437; x_wconf 79' lang='lat' dir='ltr'><strong>hqnc</strong></span> <span class='ocrx_word' id='word_1_105' title='bbox 640 2381 705 2429; x_wconf 89' lang='lat' dir='ltr'><strong>rem</strong></span> <span class='ocrx_word' id='word_1_106' title='bbox 730 2360 899 2442; x_wconf 82' lang='lat' dir='ltr'><strong>inquirere.</strong></span> <span class='ocrx_word' id='word_1_107' title='bbox 1153 2352 1154 2355; x_wconf 48' lang='lat'>&#39;</span> 
     </span>
    </p>
   </div>
   <div class='ocr_carea' id='block_1_3' title="bbox 234 2561 1112 2868">
    <p class='ocr_par' dir='ltr' id='par_1_4' title="bbox 234 2561 1112 2868">
     <span class='ocr_line' id='line_1_18' title="bbox 424 2561 979 2658; baseline -0.007 -30"><span class='ocrx_word' id='word_1_108' title='bbox 424 2565 690 2658; x_wconf 72' lang='lat' dir='ltr'><strong>Scepticisnc</strong></span> <span class='ocrx_word' id='word_1_109' title='bbox 719 2561 979 2649; x_wconf 79' lang='lat' dir='ltr'><strong>philosophis</strong></span> 
     </span>
     <span class='ocr_line' id='line_1_19' title="bbox 234 2676 1112 2762; baseline -0.018 -4"><span class='ocrx_word' id='word_1_110' title='bbox 234 2731 240 2740; x_wconf 91' lang='lat'>·</span> <span class='ocrx_word' id='word_1_111' title='bbox 296 2682 445 2760; x_wconf 75' lang='lat' dir='ltr'><strong>Plato,</strong></span> <span class='ocrx_word' id='word_1_112' title='bbox 476 2698 528 2743; x_wconf 84' lang='lat' dir='ltr'><strong>an</strong></span> <span class='ocrx_word' id='word_1_113' title='bbox 557 2676 806 2762; x_wconf 76' lang='lat' dir='ltr'><strong>dogmaticis</strong></span> <span class='ocrx_word' id='word_1_114' title='bbox 836 2677 1112 2752; x_wconf 76' lang='lat' dir='ltr'><strong>accensendus</strong></span> 
     </span>
     <span class='ocr_line' id='line_1_20' title="bbox 660 2799 754 2868; baseline 0.011 -10"><span class='ocrx_word' id='word_1_115' title='bbox 660 2799 754 2868; x_wconf 68' lang='lat' dir='ltr'><strong>est?</strong></span> 
     </span>
    </p>
   </div>
   <div class='ocr_carea' id='block_1_4' title="bbox 146 2972 1174 4226">
    <p class='ocr_par' dir='ltr' id='par_1_5' title="bbox 146 2949 1174 3304">
     <span class='ocr_line' id='line_1_21' title="bbox 279 2972 1167 3066; baseline -0.007 -20"><span class='ocrx_word' id='word_1_116' title='bbox 279 2979 363 3058; x_wconf 83' lang='lat' dir='ltr'><strong>Mihi</strong></span> <span class='ocrx_word' id='word_1_117' title='bbox 392 2975 516 3060; x_wconf 82' lang='lat' dir='ltr'><strong>quidem</strong></span> <span class='ocrx_word' id='word_1_118' title='bbox 547 2972 674 3066; x_wconf 86' lang='lat' dir='ltr'><strong>proprie</strong></span> <span class='ocrx_word' id='word_1_119' title='bbox 707 2974 826 3038; x_wconf 88' lang='lat' dir='ltr'><strong>neutris</strong></span> <span class='ocrx_word' id='word_1_120' title='bbox 857 2992 926 3042; x_wconf 86' lang='lat' dir='ltr'><strong>esse</strong></span> <span class='ocrx_word' id='word_1_121' title='bbox 955 2976 1167 3047; x_wconf 83' lang='lat' dir='ltr'><strong>accensendus</strong></span> 
     </span>
     <span class='ocr_line' id='line_1_22' title="bbox 233 3091 1167 3179; baseline -0.009 -15"><span class='ocrx_word' id='word_1_122' title='bbox 233 3099 370 3179; x_wconf 74' lang='lat' dir='ltr'><strong>videtur,</strong></span> <span class='ocrx_word' id='word_1_123' title='bbox 430 3091 653 3171; x_wconf 71' lang='lat' dir='ltr'><strong>confuderunt</strong></span> <span class='ocrx_word' id='word_1_124' title='bbox 693 3092 853 3157; x_wconf 83' lang='lat' dir='ltr'><strong>Platonem</strong></span> <span class='ocrx_word' id='word_1_125' title='bbox 887 3091 1053 3173; x_wconf 84' lang='lat' dir='ltr'><strong>ipsumque</strong></span> <span class='ocrx_word' id='word_1_126' title='bbox 1090 3094 1167 3158; x_wconf 87' lang='lat' dir='ltr'><strong>adeo</strong></span> 
     </span>
     <span class='ocr_line' id='line_1_23' title="bbox 146 3199 1174 3304; baseline -0.002 -29"><span class='ocrx_word' id='word_1_127' title='bbox 146 3268 149 3275; x_wconf 88' lang='lat'>.</span> <span class='ocrx_word' id='word_1_128' title='bbox 234 3215 394 3293; x_wconf 67' lang='lat' dir='ltr'><strong>Socratem</strong></span> <span class='ocrx_word' id='word_1_129' title='bbox 423 3211 580 3286; x_wconf 81' lang='lat' dir='ltr'><strong>Arcesilas</strong></span> <span class='ocrx_word' id='word_1_130' title='bbox 600 3210 733 3304; x_wconf 84' lang='lat' dir='ltr'><strong>ejusque</strong></span> <span class='ocrx_word' id='word_1_131' title='bbox 762 3222 931 3273; x_wconf 86' lang='lat' dir='ltr'><strong>sectatores</strong></span> <span class='ocrx_word' id='word_1_132' title='bbox 962 3227 1032 3271; x_wconf 90' lang='lat' dir='ltr'><strong>cum</strong></span> <span class='ocrx_word' id='word_1_133' title='bbox 1065 3199 1174 3290; x_wconf 62' lang='lat' dir='ltr'><strong>philol</strong></span> 
     </span>
    </p>

    <p class='ocr_par' dir='ltr' id='par_1_6' title="bbox 158 3322 1171 4123">
     <span class='ocr_line' id='line_1_24' title="bbox 213 3322 1169 3418; baseline -0.007 -20"><span class='ocrx_word' id='word_1_134' title='bbox 213 3373 217 3384; x_wconf 91' lang='lat'>·</span> <span class='ocrx_word' id='word_1_135' title='bbox 236 3334 373 3417; x_wconf 81' lang='lat' dir='ltr'><strong>sophis,</strong></span> <span class='ocrx_word' id='word_1_136' title='bbox 395 3330 450 3418; x_wconf 91' lang='lat' dir='ltr'><strong>qui</strong></span> <span class='ocrx_word' id='word_1_137' title='bbox 471 3344 647 3399; x_wconf 81' lang='lat' dir='ltr'><strong>asseverare</strong></span> <span class='ocrx_word' id='word_1_138' title='bbox 669 3325 769 3403; x_wconf 91' lang='lat' dir='ltr'><strong>nihil,</strong></span> <span class='ocrx_word' id='word_1_139' title='bbox 792 3324 832 3387; x_wconf 94' lang='lat' dir='ltr'><strong>de</strong></span> <span class='ocrx_word' id='word_1_140' title='bbox 858 3322 1004 3389; x_wconf 87' lang='lat' dir='ltr'><strong>omnibus</strong></span> <span class='ocrx_word' id='word_1_141' title='bbox 1026 3324 1169 3391; x_wconf 89' lang='lat' dir='ltr'><strong>dubitare</strong></span> 
     </span>
     <span class='ocr_line' id='line_1_25' title="bbox 158 3438 1171 3533; baseline -0.01 -20"><span class='ocrx_word' id='word_1_142' title='bbox 158 3515 160 3519; x_wconf 69' lang='grc'>,</span> <span class='ocrx_word' id='word_1_143' title='bbox 236 3448 394 3524; x_wconf 81' lang='lat' dir='ltr'><strong>solebant.</strong></span> <span class='ocrx_word' id='word_1_144' title='bbox 435 3443 519 3509; x_wconf 88' lang='lat' dir='ltr'><strong>Naun</strong></span> <span class='ocrx_word' id='word_1_145' title='bbox 552 3462 616 3525; x_wconf 91' lang='lat' dir='ltr'><strong>quo</strong></span> <span class='ocrx_word' id='word_1_146' title='bbox 642 3440 757 3516; x_wconf 85' lang='lat' dir='ltr'><strong>certius</strong></span> <span class='ocrx_word' id='word_1_147' title='bbox 787 3440 1007 3533; x_wconf 82' lang='lat' dir='ltr'><strong>persuaderent</strong></span> <span class='ocrx_word' id='word_1_148' title='bbox 1030 3438 1171 3524; x_wconf 88' lang='lat' dir='ltr'><strong>discipu·</strong></span> 
     </span>
     <span class='ocr_line' id='line_1_26' title="bbox 238 3555 1171 3644; baseline -0.004 -17"><span class='ocrx_word' id='word_1_149' title='bbox 238 3561 279 3627; x_wconf 88' lang='lat' dir='ltr'><strong>lis</strong></span> <span class='ocrx_word' id='word_1_150' title='bbox 305 3560 417 3644; x_wconf 80' lang='lat' dir='ltr'><strong>placita</strong></span> <span class='ocrx_word' id='word_1_151' title='bbox 441 3576 522 3639; x_wconf 89' lang='lat' dir='ltr'><strong>sua,</strong></span> <span class='ocrx_word' id='word_1_152' title='bbox 549 3559 765 3626; x_wconf 87' lang='lat' dir='ltr'><strong>auctoritatem</strong></span> <span class='ocrx_word' id='word_1_153' title='bbox 797 3555 835 3620; x_wconf 87' lang='lat' dir='ltr'><strong>iis</strong></span> <span class='ocrx_word' id='word_1_154' title='bbox 865 3557 1031 3622; x_wconf 86' lang='lat' dir='ltr'><strong>conciliare</strong></span> <span class='ocrx_word' id='word_1_155' title='bbox 1054 3577 1071 3622; x_wconf 94' lang='lat' dir='ltr'><strong>a</strong></span> <span class='ocrx_word' id='word_1_156' title='bbox 1104 3571 1171 3624; x_wconf 90' lang='lat' dir='ltr'><strong>tan·</strong></span> 
     </span>
     <span class='ocr_line' id='line_1_27' title="bbox 237 3672 1170 3772; baseline -0.006 -26"><span class='ocrx_word' id='word_1_157' title='bbox 237 3694 342 3763; x_wconf 70' lang='lat' dir='ltr'><strong>torum</strong></span> <span class='ocrx_word' id='word_1_158' title='bbox 370 3677 635 3772; x_wconf 85' lang='lat' dir='ltr'><strong>philosophorum</strong></span> <span class='ocrx_word' id='word_1_159' title='bbox 664 3674 844 3741; x_wconf 89' lang='lat' dir='ltr'><strong>nominibus</strong></span> <span class='ocrx_word' id='word_1_160' title='bbox 875 3672 1055 3750; x_wconf 80' lang='lat' dir='ltr'><strong>studebant.</strong></span> <span class='ocrx_word' id='word_1_161' title='bbox 1099 3673 1170 3740; x_wconf 91' lang='lat' dir='ltr'><strong>Nec</strong></span> 
     </span>
     <span class='ocr_line' id='line_1_28' title="bbox 238 3791 1168 3882; baseline -0.01 -18"><span class='ocrx_word' id='word_1_162' title='bbox 238 3817 316 3882; x_wconf 67' lang='lat' dir='ltr'><strong>uero</strong></span> <span class='ocrx_word' id='word_1_163' title='bbox 338 3795 370 3862; x_wconf 91' lang='lat' dir='ltr'><strong>id</strong></span> <span class='ocrx_word' id='word_1_164' title='bbox 394 3808 509 3860; x_wconf 90' lang='lat' dir='ltr'><strong>temere</strong></span> <span class='ocrx_word' id='word_1_165' title='bbox 528 3812 619 3879; x_wconf 74' lang='lat' dir='ltr'><strong>ogere</strong></span> <span class='ocrx_word' id='word_1_166' title='bbox 636 3791 833 3859; x_wconf 88' lang='lat' dir='ltr'><strong>videbantur.</strong></span> <span class='ocrx_word' id='word_1_167' title='bbox 878 3791 1168 3860; x_wconf 78' lang='lat' dir='ltr'><strong>celebratissimum</strong></span> 
     </span>
     <span class='ocr_line' id='line_1_29' title="bbox 240 3904 1170 4001; baseline -0.01 -25"><span class='ocrx_word' id='word_1_168' title='bbox 240 3912 279 3987; x_wconf 83' lang='lat' dir='ltr'><strong>iis</strong></span> <span class='ocrx_word' id='word_1_169' title='bbox 302 3911 603 4001; x_wconf 69' lang='lat' dir='ltr'><strong>temporibuserat,</strong></span> <span class='ocrx_word' id='word_1_170' title='bbox 626 3924 662 3975; x_wconf 93' lang='lat' dir='ltr'><strong>ut</strong></span> <span class='ocrx_word' id='word_1_171' title='bbox 686 3909 843 3991; x_wconf 88' lang='lat' dir='ltr'><strong>hodieque</strong></span> <span class='ocrx_word' id='word_1_172' title='bbox 863 3922 935 3989; x_wconf 88' lang='lat' dir='ltr'><strong>est,</strong></span> <span class='ocrx_word' id='word_1_173' title='bbox 959 3907 1095 3973; x_wconf 85' lang='lat' dir='ltr'><strong>Socratis</strong></span> <span class='ocrx_word' id='word_1_174' title='bbox 1123 3904 1170 3973; x_wconf 67' lang='lat' dir='ltr'><strong>ef-</strong></span> 
     </span>
     <span class='ocr_line' id='line_1_30' title="bbox 239 4020 1168 4123; baseline -0.013 -27"><span class='ocrx_word' id='word_1_175' title='bbox 239 4025 362 4123; x_wconf 66' lang='lat' dir='ltr'><strong>fetum,</strong></span> <span class='ocrx_word' id='word_1_176' title='bbox 390 4028 473 4105; x_wconf 66' lang='lat' dir='ltr'><strong>nihil</strong></span> <span class='ocrx_word' id='word_1_177' title='bbox 498 4047 528 4091; x_wconf 80' lang='lat' dir='ltr'><strong>se</strong></span> <span class='ocrx_word' id='word_1_178' title='bbox 547 4030 637 4102; x_wconf 67' lang='lat' dir='ltr'><strong>scire.</strong></span> <span class='ocrx_word' id='word_1_179' title='bbox 683 4027 779 4118; x_wconf 88' lang='lat' dir='ltr'><strong>Quod</strong></span> <span class='ocrx_word' id='word_1_180' title='bbox 798 4020 842 4088; x_wconf 91' lang='lat' dir='ltr'><strong>sic</strong></span> <span class='ocrx_word' id='word_1_181' title='bbox 862 4022 1168 4105; x_wconf 80' lang='lat' dir='ltr'><strong>interpretabantur,</strong></span> 
     </span>
    </p>

    <p class='ocr_par' dir='ltr' id='par_1_7' title="bbox 1089 4150 1166 4226">
     <span class='ocr_line' id='line_1_31' title="bbox 1089 4150 1166 4226; baseline -0.065 -26"><span class='ocrx_word' id='word_1_182' title='bbox 1089 4150 1166 4226; x_wconf 56' lang='lat' dir='ltr'><strong>quq,</strong></span> 
     </span>
    </p>
   </div>
   <div class='ocr_carea' id='block_1_5' title="bbox 0 0 1469 5168">
    <p class='ocr_par' dir='ltr' id='par_1_8' title="bbox 0 0 1469 5168">
     <span class='ocr_line' id='line_1_32' title="bbox 0 0 1469 5168; baseline 0 0"><span class='ocrx_word' id='word_1_183' title='bbox 0 0 1469 5168; x_wconf 95' lang='lat' dir='ltr'><strong> </strong></span> 
     </span>
    </p>
   </div>
  </div>
 </body>
</html>
