2896 5168
634 482 830 547 „229-

272 658 364 718 suan,
386 641 530 708 dicimus.
558 674 599 692 ··
647 645 758 712 Procul
786 649 897 717 dubio.
918 690 961 703 -
997 651 1064 731 Jam
1087 651 1203 734 igitur,

273 759 339 824 sive
357 781 450 842 parva
470 761 564 838 haec,
588 737 783 848 sivemagna
802 767 873 845 quis
894 766 1002 831 dixerit
1024 768 1092 832 Diis
1113 787 1197 850 esse,

270 879 359 943 nullo
396 880 513 956 modo,
555 898 626 943 cum
664 880 928 962 providentissimi
961 897 1055 965 atque
1090 884 1201 966 optimi

269 991 353 1074 sint,
394 996 573 1078 negligenda
611 996 673 1063 illis
706 998 846 1081 ipsorum
882 1000 1042 1080 possessio
1072 1015 1133 1066 est.
1155 1037 1201 1054 -

271 1108 372 1174 Nullo
398 1115 505 1178 modo.
526 1148 571 1164 -
591 1113 676 1198 Quid
691 1115 792 1180 vero?
814 1114 842 1180 si
861 1115 998 1181 medicos
1016 1117 1201 1198 incorpore

266 1225 406 1291 curando
424 1228 543 1309 magnis
560 1229 752 1311 providerit,
775 1250 866 1313 parva
878 1234 1096 1314 contemserit,
1119 1236 1198 1301 bene

178 1376 183 1384 ·
267 1359 302 1405 se
320 1360 437 1424 corpus
457 1344 609 1412 habebit?
629 1386 673 1400 -
702 1348 779 1413 Non
798 1367 883 1414 sane.
905 1386 949 1400 -
980 1349 1042 1415 Sed
1063 1368 1120 1415 nec
1140 1370 1199 1432 gu·

267 1458 469 1542 bernatores,
502 1480 559 1528 nec
597 1466 820 1545 imperatores,
851 1483 908 1530 nee
939 1463 1194 1547 patresfamilias,

265 1591 323 1640 nec
351 1576 513 1641 civitatum
543 1579 775 1660 moderatores,
797 1599 900 1663 neque
925 1582 980 1645 ulli
1002 1583 1129 1648 omnino
1151 1598 1195 1647 ta·

263 1691 331 1768 les,
355 1691 460 1772 paucis
490 1710 524 1757 ac
550 1695 651 1774 parvis
678 1695 849 1777 neglectis,
871 1711 955 1761 recte
977 1700 1072 1761 multa
1095 1714 1125 1762 et
1144 1698 1192 1763 in·

263 1807 367 1890 gentia
388 1822 510 1891 regent:
545 1815 608 1880 οὐδὲ
629 1816 689 1895 γὰρ
710 1813 782 1883 οἶνον
801 1821 926 1897 σμικρῶν
947 1818 1014 1889 τοὺς
1034 1817 1190 1896 perditans

260 1925 356 2007 Φοοοὶν
386 1930 411 1993 οἱ
444 1928 589 2007 λιθολόγοι
618 1931 713 2003 sidrac
744 1929 776 1999 εὖ
806 1932 932 1998 κεῖσθον·
977 1950 1048 1993 nam
1073 1927 1190 2013 lapides

259 2058 378 2123 quoque
407 2060 533 2125 magnos
560 2045 625 2107 sinc
652 2046 761 2125 paruis
787 2043 859 2108 bene
884 2049 968 2109 strui
994 2058 1109 2128 negant
1133 2065 1189 2109 ar·

256 2145 392 2222 chitecti.
422 2194 468 2208 -
509 2157 552 2225 Et
582 2174 664 2223 recte
695 2160 816 2240 quidem
847 2161 902 2229 illi.
923 2195 970 2212 -
1010 2165 1064 2239 Ml
1094 2164 1188 2230 τοίνυν

258 2276 346 2354 τόνγε
374 2278 435 2344 θεὸν
455 2277 626 2358 ἀξιώσωμέν
647 2303 720 2346 ποτε
742 2281 848 2353 θνητῶν
869 2281 1049 2360 δνμιονονῶν
1069 2280 1186 2360 daund-

254 2416 348 2468 οεοον.
401 2390 572 2456 Careamus
594 2407 721 2471 autem,
745 2413 782 2455 ιιο
803 2393 904 2456 Deum
920 2392 1104 2457 mortalibus
1121 2395 1185 2474 opi·
1241 2474 1244 2478 ⁴
1296 2432 1299 2437 ,

249 2502 360 2587 ficibus
381 2507 519 2572 uiliorem
537 2521 692 2593 puteanus.
747 2508 796 2572 Illi
824 2508 962 2584 scilicet,
987 2523 1105 2589 quanto
1132 2527 1187 2589 pe·

254 2620 378 2686 ritiores
398 2622 472 2685 artis
493 2637 590 2700 sunt,
612 2635 699 2686 tanto
725 2622 757 2686 in
779 2624 917 2706 propriis
943 2627 1081 2704 ipsorum
1109 2642 1184 2705 opr-

253 2735 341 2801 ribus
365 2749 395 2800 et
425 2753 518 2816 parva
541 2734 633 2798 simul
660 2749 690 2797 et
716 2752 825 2815 magna
849 2735 1036 2815 exquisitius
1056 2736 1183 2799 absolu·

252 2851 379 2932 tiusque
406 2848 595 2934 perficiunt:
618 2851 706 2916 Deus
732 2869 830 2932 veto,
858 2853 911 2930 qui
932 2848 1180 2932 sapientissimus

252 2983 321 3049 est,
343 2985 374 3033 ct
392 2986 500 3034 curare
522 2967 589 3031 vult
610 2986 645 3031 ac
667 2983 790 3050 potest,
822 2966 942 3047 magnis
965 2964 1088 3045 quidem
1108 2983 1181 3046 pro·

251 3085 369 3152 videbit
395 3086 521 3165 solum,
544 3103 635 3165 parva
664 3097 788 3162 autem,
811 3101 890 3164 quae
919 3081 1040 3146 facilius
1070 3080 1181 3161 guber·

251 3202 318 3268 nari
344 3214 496 3282 possunt,
520 3215 648 3281 propter
678 3198 830 3282 ignaviam
858 3219 893 3263 ac
923 3198 1096 3263 socordiam
1126 3184 1206 3263 ne?

251 3316 374 3404 gligeti
395 3351 441 3367 -
475 3316 576 3380 Nullo
605 3316 699 3380 modo
728 3319 824 3394 hanc,
857 3315 1007 3398 Hospes,
1038 3317 1076 3380 de
1107 3315 1177 3381 Diis

252 3434 429 3518 opinionem
457 3431 671 3498 admittendam
695 3446 863 3516 putamus:
888 3431 1002 3497 nefaria
1024 3445 1072 3497 est
1095 3432 1175 3498 enim

249 3552 301 3615 illa
322 3569 357 3614 ac
378 3567 508 3631 prorsus
527 3548 603 3612 falsa
624 3551 786 3615 sententia.
806 3548 847 3616 (¹)

291 3665 423 3732 Lubens
445 3683 518 3728 sane
539 3665 699 3746 equidem,
728 3685 783 3730 nec
808 3667 1005 3731 solummodo
1025 3667 1062 3729 ad
1082 3666 1175 3731 inter·

249 3785 425 3864 pretandam
456 3779 594 3845 Platonis
625 3782 663 3846 de
690 3783 777 3862 Deo,
820 3782 956 3848 universi
986 3797 1112 3847 auctore
1138 3800 1172 3845 ae

1109 3915 1174 3961 mo·

283 4032 328 4101 (a)
346 4037 481 4105 Dehegg.
500 4035 535 4086 X·
548 4052 598 4106 9⁰⁰
610 4035 642 4089 C.
655 4060 685 4075 -
695 4034 746 4105 903
758 4038 793 4090 A·
