2896 5168
632 442 822 505 -160-

262 622 410 704 originem
432 637 533 684 earum
555 633 722 701 ortumque
745 640 762 685 e
788 639 820 685 re
850 621 1028 700 contrarii,
1052 641 1068 686 e
1094 621 1189 688 nimii

260 740 421 817 libertate,
442 738 578 802 duceret.
618 738 716 822 Quod
738 738 853 803 viderat
870 739 931 821 jant
953 740 1186 820 quodammodo

258 855 404 939 politicae
427 851 478 919 ille
497 854 581 937 apud
602 853 742 921 Graecos
764 874 827 919 non
850 857 976 937 minus,
1004 877 1094 938 quam
1118 859 1184 923 his-

257 973 354 1038 toriae
365 989 496 1053 parens,
518 970 711 1037 Herodotus.
727 973 767 1039 (ι)
799 973 881 1039 Idem
904 993 1038 1040 autema
1056 978 1183 1041 Platone

257 1091 379 1155 demum
397 1103 427 1153 et
449 1105 644 1170 perspectum
668 1105 767 1153 toturn
790 1104 836 1153 est
850 1105 880 1154 et
896 1108 979 1157 recte
990 1091 1184 1173 explicitum.

257 1205 352 1290 Qrtod
374 1224 446 1270 sane
465 1204 637 1284 placitum,
666 1204 725 1269 dici
758 1224 821 1269 non
834 1227 835 1231 ¹
848 1222 977 1289 potest,
1005 1229 1097 1290 quarn
1127 1212 1186 1275 late

257 1342 312 1406 per
335 1340 457 1388 omnent
478 1336 616 1386 veterum
645 1321 801 1404 politicam
825 1324 972 1406 patuerit.
1017 1324 1184 1408 Expressit

255 1438 370 1507 Livius
391 1440 457 1521 ipsa
480 1439 617 1504 Platonis
636 1439 730 1504 verba
750 1439 782 1502 in
801 1439 906 1504 hisce:
923 1460 970 1511 ea¹
982 1441 1110 1506 diutina
1128 1444 1184 1505 siti

255 1558 348 1621 nimis
367 1554 457 1622 artae
476 1554 597 1618 uterertr'
611 1555 790 1620 haurientes
802 1554 990 1623 libertatem.
1004 1556 1045 1624 (²)
1068 1556 1192 1624 Cicero*

255 1689 357 1739 autern
382 1671 414 1736 in
434 1671 582 1752 dialogo,
608 1690 697 1751 quern
723 1671 762 1734 tle
783 1672 940 1754 republica
965 1672 1114 1754 scripsit,
1137 1672 1181 1738 sic

253 1789 373 1855 inducit
395 1789 509 1854 harde
536 1808 568 1852 re
594 1789 774 1869 Scipionem
803 1789 979 1870 dicentem,
1010 1805 1046 1854 ιιι
1070 1790 1184 1856 Latine

255 1909 281 1974 is
303 1908 426 1972 reddere
448 1883 544 1970 totam
567 1905 704 1971 Platonis
722 1906 904 1970 sententiam
925 1905 1071 1972 enitatur.
1104 1908 1181 1973 Tum

248 2024 290 2108 fit
319 2023 422 2101 illud,
452 2023 538 2108 qued
561 2021 650 2109 apud
678 2022 838 2088 Platonem
867 2041 912 2090 est
940 2025 1095 2089 luculente
1115 2022 1183 2087 dle·

252 2160 344 2221 tum,
367 2144 393 2206 sl
414 2139 499 2205 melo
520 2139 557 2204 ld
581 2143 755 2225 etprimere
781 2140 901 2206 Latine
924 2157 1077 2231 patuere:
1106 2160 1180 2205 nam

251 2258 371 2345 difficile
384 2258 480 2341 factu
502 2272 568 2336 est,
591 2255 645 2321 red
661 2256 795 2321 conabor
815 2273 933 2322 tamen.
948 2256 989 2324 (3)
1034 2259 1180 2340 Sequun-

217 2350 220 2357 ⁸
254 2394 325 2455 tur,
360 2395 439 2456 quae
470 2393 529 2439 nos
560 2375 653 2439 modo
678 2371 879 2439 invertendo
901 2375 1027 2439 Platone
1050 2394 1179 2458 usurpa-

253 2492 377 2570 vimus3
403 2490 512 2570 addit,
539 2506 613 2576 puto
642 2493 721 2554 enlm
743 2489 802 2554 tibi
822 2492 896 2555 haee
917 2512 977 2556 esse
998 2509 1084 2558 neta.
1129 2495 1180 2558 Ad

253 2609 326 2674 lraec
347 2622 448 2673 autem
471 2606 618 2671 Laelius:
640 2625 712 2672 tero
732 2609 832 2688 milri,
858 2608 982 2689 inquit,
1005 2613 1178 2677 notissima.

253 2728 315 2791 Sed
335 2740 369 2789 ut
389 2726 475 2789 Plato
495 2724 569 2788 haec
591 2722 730 2787 interiori
758 2722 977 2806 philosophiae
998 2723 1103 2788 studio
1126 2725 1179 2788 de·

252 2843 346 2923 buit,
369 2846 411 2906 ita
433 2841 545 2906 Cicero
568 2842 628 2905 hoc
650 2859 718 2903 sese
740 2858 776 2906 cx
798 2841 903 2905 eodem
929 2840 1015 2906 fonte
1034 2855 1065 2904 et
1083 2841 1178 2906 maxi·

253 2980 302 3025 nte
333 2980 370 3024 ex
401 2960 526 3026 Platone
547 2959 688 3024 hausisse
709 2955 874 3023 confessus
896 2973 965 3035 est,
990 2975 1086 3038 quum
1109 2957 1176 3022 Ro-

253 3097 319 3143 rnae
349 3079 457 3141 exorti
485 3093 525 3140 ex
556 3074 662 3139 iisdem
688 3072 807 3139 caussis
829 3072 973 3138 Caesaris
994 3074 1176 3156 tyrannide,

179 3230 182 3236 ·
252 3209 349 3262 semet
371 3192 436 3274 ipse
457 3192 686 3257 consolaretur.
731 3191 862 3256 Dabunt
880 3195 982 3278 igitur
999 3192 1078 3257 mill
1094 3195 1181 3260 teni·

252 3334 302 3376 am
323 3313 481 3374 melcines
503 3308 553 3373 tel
572 3310 716 3392 gratiam
745 3309 847 3390 petius
872 3307 1051 3388 habebant,
1073 3309 1158 3395 qued
1166 3357 1177 3391 ,

250 3454 319 3496 cam
346 3443 420 3495 esset
441 3430 476 3490 ln
496 3428 588 3490 unius
614 3439 765 3512 potestate
790 3421 990 3507 respublica,
1013 3447 1110 3512 utque
1127 3448 1180 3513 ego

250 3571 297 3613 ure
316 3544 447 3624 abdidi,
469 3563 565 3628 neque
582 3540 706 3606 deserul
715 3586 727 3619 ,
752 3560 848 3623 neque
866 3537 968 3621 afflt'al
978 3587 989 3620 ,
1012 3562 1108 3627 neque
1126 3547 1175 3606 ita

248 3667 328 3750 gessi
337 3709 348 3743 ,
371 3662 462 3747 quasi
476 3660 591 3724 homiui
607 3671 665 3721 aut
676 3656 860 3740 temporibus
869 3656 977 3721 iratus
984 3678 997 3721 :
1019 3678 1116 3740 neque
1128 3662 1177 3720 ita

1106 3790 1179 3858 por·

291 3896 330 3962 (tl
357 3889 458 3942 Herod.
471 3889 576 3942 ΙΙΙ-δι.
590 3887 633 3940 cf.
642 3885 730 3937 Diale.
745 3903 801 3937 mer
815 3885 843 3936 in
856 3887 931 3938 civit.
950 3888 1083 3956 utaliquae
1099 3904 1178 3956 p.7t.

258 3985 300 4053 (ι)
325 3982 386 4033 Liv.
414 3978 556 4031 xxxix.
577 3996 600 4029 c.
621 3978 663 4031 26.
683 3974 718 4028 V.
738 3979 797 4028 hal.
814 3976 847 4025 ad
865 3974 935 4025 Plau.
953 3981 986 4024 tle
1003 3979 1073 4044 Rep.
1092 3975 1178 4030 Vill·

255 4072 314 4126 562.
333 4071 365 4123 C·
402 4070 442 4136 (3)
462 4068 522 4121 Cic.
537 4065 695 4135 dempsi.
714 4064 758 4118 43.
