2896 5168
657 501 828 567 ..,0..

271 666 336 732 imo
356 664 507 731 riderent.-
546 664 629 732 Nam
654 663 802 745 :quamvis
828 678 939 749 magno
970 665 1204 754 philosophiam

267 781 365 866 ipsam
389 783 509 847 honore
533 781 700 858 haberent,
732 794 834 849 tamen
862 779 1063 866 philosophis
1089 802 1204 856 conce.

264 899 336 964 dere
358 899 545 983 reipublicae
570 898 835 981 gubernaculum,
864 896 1029 965 eldenium
1056 919 1126 968 csse
1145 918 1202 971 rie·

227 1008 230 1012 '
265 1020 385 1100 gotium
415 1015 548 1101 ajebant.
591 1013 661 1081 Nec
682 1032 755 1079 sane
777 1029 891 1080 temere
911 1015 944 1079 in
964 1016 1049 1084 hunc
1071 1021 1199 1088 modum

262 1132 532 1216 pronunciabant,
554 1130 708 1213 siquidem
731 1128 943 1213 philosophos
964 1130 1196 1218 intelligebant,

261 1268 327 1316 non
349 1253 455 1332 quales
480 1249 568 1315 Plato
600 1245 774 1330 spectavit,
797 1245 854 1312 sed
883 1249 990 1328 quales
1017 1251 1114 1335 vulgo
1141 1272 1201 1336 ap.

259 1368 367 1450 peiiari
395 1367 456 1431 hoc
483 1365 610 1430 nomine
639 1363 754 1432 soient.
798 1361 972 1430 Umbratici
993 1365 1121 1432 scilicet>
1138 1367 1197 1434 ho·

260 1466 380 1563 mines,
412 1483 468 1566 qui
502 1483 536 1547 in
569 1480 694 1547 scholae
731 1479 882 1562 angustiis
917 1479 1106 1562 disputando
1142 1501 1196 1550 α.

257 1601 458 1686 villandoque
477 1612 604 1665 aetatem
627 1609 755 1678 terunt,
787 1595 819 1660 hi
842 1595 987 1678 profecto
1009 1595 1191 1667 adonium

254 1719 415 1804 negotium
441 1717 569 1798 minus,
592 1732 684 1799 quam
709 1712 748 1779 ad
768 1711 912 1779 civitates
935 1713 1104 1798 regendas,
1117 1715 1192 1799 apti

256 1848 345 1900 sunt.
409 1832 471 1900 Sed
500 1833 589 1899 Plato
621 1848 703 1912 qaros
736 1829 924 1896 intellexerit
953 1829 1190 1916 philosophos,

255 1950 373 2030 nobis,
393 1949 429 2014 in
452 1950 613 2015 tractandi
637 1949 704 2031 ejus
733 1947 937 2029 philosophia
962 1948 1189 2031 veri,·patuit.

254 2064 332 2148 iilos
355 2062 525 2149 spectavit,
548 2063 603 2144 qui
625 2063 729 2129 indole
750 2062 882 2145 praediti
900 2063 1112 2148 philosophi,
1133 2084 1191 2151 pet

256 2181 453 2265 gravissimas
480 2197 622 2265 quasque
648 2179 829 2263 disciplinas
860 2179 928 2246 veri
953 2200 1057 2247 amore
1082 2197 1188 2261 essent

253 2295 390 2378 imbuti,
412 2315 577 2378 veramque
607 2296 649 2361 ita
671 2296 806 2361 hominis
828 2311 862 2362 et
889 2295 1037 2364 virtutem
1061 2313 1095 2366 et
1119 2298 1189 2382 feli·

164 2416 172 2443 ²
252 2414 399 2496 citatem,
421 2432 501 2495 quae
523 2415 659 2480 maxime
685 2427 795 2494 esset,
818 2413 1084 2497 adsequerentur..
1116 2417 1187 2505 Nee

252 2548 330 2596 vero
351 2531 410 2596 hos
436 2529 532 2611 sivit,
566 2549 662 2612 quum
692 2530 734 2597 ita
762 2530 979 2613 erudirentur,
1011 2532 1186 2600 inmundo

253 2653 343 2735 νοητῷ
360 2648 399 2714 ad
417 2649 684 2729 contemplandam
707 2648 865 2712 veritatem
884 2662 1037 2730 perpetuo
1048 2653 1185 2732 versari,

251 2766 307 2831 sed
337 2767 520 2833 descendere
549 2764 714 2831 identidem
751 2763 785 2829 in
815 2783 942 2846 specum
974 2767 1081 2832 mundi
1108 2765 1186 2832 visi·

252 2883 326 2949 bilis
348 2885 463 2970 jussit,
484 2897 520 2949 ut
543 2901 622 2965 quae
652 2881 715 2947 iiiie
745 2883 982 2965 percepissent,
1004 2884 1055 2950 hic
1075 2885 1184 2950 adres
1231 2957 1233 2961 ,

252 3012 376 3066 nostras
397 3000 457 3064 rite
477 2997 733 3065 administrandas
754 3001 1036 3066 accommodarent.
1097 2999 1183 3067 Vitis

252 3115 314 3182 iliis
338 3116 466 3196 tribuit,
489 3131 524 3180 ut
543 3115 761 3193 meminimus,
785 3135 856 3181 cum
881 3117 955 3182 alias
979 3116 1094 3200 ingenii
1119 3119 1186 3185 ani·

253 3235 358 3314 mique
390 3235 478 3298 dotes
504 3246 536 3296 et
562 3232 718 3312 virtutes,
763 3246 829 3297 tum
860 3231 951 3298 etiam
981 3248 1016 3299 ut
1047 3235 1184 3318 quisque

251 3368 359 3416 eorum
380 3353 472 3436 Φύσει
492 3364 575 3416 esset
594 3352 736 3433 μνήμων,
757 3353 910 3432 εὐμαθὴς,
925 3360 1182 3436 μεγαλοπρεπὴς,

252 3470 394 3552 εὔχαρις.
423 3468 513 3551 diade
538 3493 574 3536 re
596 3467 647 3533 aei
673 3467 823 3546 ξυγγενὴς
846 3467 1005 3542 ἀληθείας,
1036 3469 1183 3539 irmioni·

251 3610 320 3660 γης,
342 3586 480 3666 ἀνδρίας,
502 3583 701 3664 σωφροσύνης.
717 3574 758 3645 (ῑ)
801 3578 973 3661 ineptiisne
996 3580 1094 3665 igitur
1113 3583 1183 3649 Pla·

249 3712 284 3762 to
312 3696 396 3778 fuit,
430 3698 484 3778 qui
511 3695 625 3761 talibus
660 3695 753 3775 viris,
788 3694 841 3759 tali
872 3694 998 3779 indole,
1029 3700 1119 3764 talem
1147 3701 1182 3766 in

251 3815 378 3879 modurn
403 3813 538 3880 excultis
565 3827 595 3877 et
622 3813 668 3876 sic
696 3810 790 3876 rebus
810 3809 924 3876 civium
953 3832 1082 3880 suorum
1107 3834 1184 3897 pru·

287 4079 329 4152 (a)
348 4079 472 4147 Deilep.
490 4072 542 4129 Vl·
554 4073 616 4146 iay.
628 4074 665 4129 A·
699 4071 734 4126 V.
752 4073 839 4143 anpra'
854 4072 969 4129 venii.
985 4071 1103 4143 hiup.
1121 4078 1165 4132 ir·
