2896 5168
573 982 874 1055 PLATONIS

431 1239 499 1302 nt
539 1241 1005 1309 nanusntvtnls

610 1471 814 1535 EFFATA.

613 1744 817 1766 ψ

705 2036 826 2101 ’variiv
852 2040 959 2115 &ytalie
979 2037 994 2100 8
1015 2061 1051 2115 pr
1070 2040 1128 2108 θεὶς
1147 2043 1188 2111 τῦ

670 2116 732 2176 ὄντι
759 2139 794 2176 τε
815 2121 864 2176 καὶ
886 2117 1007 2176 >tineent
1029 2113 1120 2178 oiseis
1138 2139 1187 2156 -·

669 2196 710 2252 Τί
726 2193 797 2265 piar
1002 2217 1003 2220 ’

294 2408 413 2533 Quod
435 2444 569 2512 diximus
591 2444 622 2510 in
644 2446 817 2528 superioris
838 2448 967 2512 exordio
992 2443 1190 2529 disquisitio·

250 2565 326 2644 nis,
350 2563 655 2633 instaurandamhac
677 2562 709 2626 in
732 2563 841 2645 primis
865 2579 964 2629 aetate
985 2566 1094 2648 nostrl
1117 2563 1192 2645 plri-

253 2680 428 2762 losophiam
459 2677 647 2742 Socraticam
672 2694 703 2742 et
725 2679 914 2743 Platonicam
937 2700 1025 2771 esse?
1050 2682 1186 2760 pertinet

250 2795 329 2860 illud
352 2796 390 2858 ad
413 2793 478 2858 veri
508 2809 538 2857 et
566 2793 662 2875 magis
685 2793 774 2858 etiam
798 2794 836 2858 ad
855 2795 933 2878 justi
954 2792 1187 2874 philosophiam

250 2929 320 2974 cum
344 2912 560 2975 emendandam
584 2910 668 2993 apud
687 2927 771 2990 nos,
795 2925 860 2973 tum
884 2906 986 2974 firmis'
1006 2907 1187 2973 fundamen-

252 3025 294 3092 tis
322 3025 533 3091 stabiliendam
543 3047 556 3109 ;
593 3027 648 3091 sed
678 3028 771 3109 longe
800 3025 937 3090 omnium
970 3025 1099 3090 maxime
1125 3025 1187 3088 huc

251 3159 393 3228 spectat,
418 3160 453 3209 ut
483 3145 590 3228 religio
617 3145 784 3225 aliquando
804 3159 911 3208 nostra
932 3161 1003 3207 cnm
1028 3145 1100 3206 vera
1119 3140 1190 3223 phi·

249 3261 397 3344 losophin
417 3262 612 3326 concilietur.
647 3261 745 3345 Quod
758 3274 790 3323 ut
801 3273 949 3341 optarunt
965 3259 1081 3343 magis,
1095 3277 1186 3339 qnam

252 3395 376 3460 sperare
397 3378 465 3444 ausi
487 3393 561 3443 sunt
584 3379 716 3462 majores
745 3377 870 3458 nostri,
900 3376 941 3442 ita
973 3392 1081 3441 nostra
1105 3389 1187 3440 aetas

250 3512 358 3576 reapse
374 3495 526 3576 consequi
548 3499 668 3559 summi
689 3513 749 3576 ope
770 3492 894 3561 nititur.
941 3492 1046 3574 Natn,
1069 3491 1187 3572 qualis·

250 3629 377 3694 cunque
415 3612 536 3707 tandem
573 3612 615 3677 sit
649 3612 742 3676 hodie
774 3611 993 3694 philosophiae
1023 3609 1185 3690 conditio,

249 3726 419 3792 abhorrent
439 3745 547 3791 omnes
566 3747 583 3791 a
603 3729 761 3808 protervia
782 3729 833 3792 illa
854 3746 887 3791 ac
910 3729 1105 3810 petulantia,
1124 3746 1186 3808 qua

252 3844 427 3926 superioris
460 3844 574 3909 saeculi
608 3845 791 3927 philosophi
820 3845 978 3928 despicere
1002 3844 1182 3927 religionem
1247 3926 1251 3939 ¹

252 3975 415 4043 nostram,
434 3962 497 4027 imo
522 3960 648 4027 irridere
669 3963 696 4026 ei
718 3963 873 4027 solebant.
910 3963 1023 4028 Fortia
1033 3965 1184 4046 ingenia,

249 4095 329 4159 qaae
358 4093 424 4146 turn
453 4079 711 4160 celebrabantur,
741 4080 803 4146 acsi
826 4079 952 4146 sibimet
973 4079 1043 4164 ipsa
1062 4076 1184 4145 suffice·

1101 4209 1191 4277 reat,
