2896 5168
635 428 806 509 ...56η-

204 575 209 586 ’
255 604 417 685 venatis,
460 623 540 689 quae
564 603 636 669 inde
666 601 872 682 diffunditur,
903 603 1068 685 splendore
1094 608 1178 672 lucet

253 722 387 801 mundus
416 722 480 793 ille.
535 719 630 805 Quod
664 734 767 784 autern
798 719 939 801 procedit
967 720 1060 785 altius
1087 721 1181 787 etiarn

251 838 484 922 philosophus,
507 835 668 918 dixitque,
690 836 798 920 prouti
824 837 874 902 sol
892 836 925 901 in
956 820 1072 903 mundo
1091 855 1182 920 spec·

249 954 338 1019 tabili
361 968 425 1022 non
451 952 554 1051 solum
585 967 619 1019 ut
643 941 825 1034 cernantur,
848 953 904 1020 sed
933 955 1024 1021 etiam
1049 973 1086 1020 ut
1105 953 1181 1019 fiant

253 1067 378 1147 omnia,
411 1080 448 1133 ut
470 1066 674 1151 increscant,¹
695 1085 731 1137 ut
756 1067 882 1156 vigeant
914 1086 1026 1138 auctor
1048 1086 1118 1152 est,
1141 1070 1182 1136 ita

253 1183 287 1251 iu
314 1160 404 1271 νιητῷ
428 1185 547 1273 mundo
569 1186 644 1253 boni
674 1187 773 1256 ideam
804 1184 943 1266 efficere,
966 1202 1001 1252 ut
1031 1188 1095 1254 sint
1117 1207 1184 1253 om-

254 1297 326 1380 nia,
357 1313 394 1367 ut
416 1305 516 1376 odaiae
546 1303 693 1374 habeant:
733 1298 855 1383 poetica
881 1300 954 1365 haec
983 1315 1060 1366 sunt
1089 1315 1186 1382 atque

254 1431 294 1493 ex
319 1416 445 1492 ardente
467 1414 650 1499 philosophi
672 1414 738 1484 veri
763 1414 904 1497 bonique
927 1433 1031 1481 amore
1062 1414 1188 1496 profec-

254 1542 309 1612 ta;
333 1545 533 1617 veruntamen
559 1532 650 1598 abest
671 1534 787 1618 longe,
818 1545 856 1598 ut
877 1533 984 1615 pulcra
1010 1531 1053 1597 sit
1077 1544 1107 1595 et
1125 1530 1187 1596 ele·

239 1664 358 1732 gans,
389 1648 445 1714 sed
476 1647 575 1716 inanis
606 1648 772 1719 sententia.
836 1648 870 1715 Si
901 1667 1007 1714 verum
1031 1645 1185 1716 universis

257 1764 335 1832 ideis
365 1783 531 1833 commune
557 1780 607 1834 est
633 1780 665 1832 et
692 1765 738 1830 sic
770 1764 894 1846 quidem
930 1763 1061 1848 singulis
1097 1766 1189 1847 φύσει

258 1881 443 1965 proprium,
477 1895 535 1963 ut,
569 1883 630 1947 hoc
657 1881 786 1959 demto,
809 1879 896 1963 ipsae
929 1891 1136 1946 evanescant:
1159 1876 1187 1942 si

258 1996 421 2069 continent
443 2016 551 2063 verum
578 1972 663 2063 ideae
691 1997 820 2077 verique
835 1997 904 2060 luce
923 1996 1071 2061 mundum
1091 1998 1190 2072 ararit

259 2108 437 2194 illustrant3
463 2132 571 2178 verum
597 2128 700 2179 autern
730 2113 775 2178 nil
805 2112 889 2177 aliud
907 2129 975 2192 est,
1007 2111 1067 2177 nisi
1101 2109 1188 2192 quod

231 2242 325 2295 ⁴est:
351 2229 476 2311 quidni
508 2247 567 2320 eas
596 2230 752 2309 dicemus,
793 2227 1000 2310 inprimisque
1037 2246 1196 2306 summam

226 2345 241 2418 J
262 2345 427 2428 omnium,
459 2351 513 2424 risa
538 2354 589 2417 τοῦ
616 2350 732 2426 ἀγαθοῦ
759 2349 857 2421 ἰδέαν,
887 2343 919 2408 id
950 2343 1099 2426 impertiri
1131 2361 1192 2408 no·
1275 2381 1278 2387 ·

260 2461 332 2544 bis,
377 2479 414 2528 ut
444 2454 536 2530 tint?
579 2461 704 2545 Quodsi
741 2459 802 2521 hoc
834 2470 974 2522 tenemus
1006 2471 1187 2539 praeterea,
1255 2506 1257 2512 ι

261 2595 312 2642 res
352 2594 460 2647 omnes
497 2575 565 2639 sive
596 2574 733 2652 pulcras·
757 2570 824 2635 sive
848 2573 974 2655 justas,
1013 2586 1049 2637 ut
1080 2573 1191 2637 statuit

263 2689 433 2767 Socrates,
465 2686 526 2758 nisi
558 2687 652 2752 bonae
679 2686 766 2766 sint,
787 2686 903 2754 nullam
924 2704 1109 2771 magnopere
1133 2707 1191 2754 no·

262 2805 312 2871 bis
352 2804 516 2870 utilitatem
549 2801 721 2885 praebere,
767 2801 876 2883 quidni
913 2802 986 2868 item
1015 2803 1189 2897 decadem

263 2907 318 2989 illa
349 2928 400 2992 roi
435 2925 550 3003 ἀγαθοῦ
582 2923 646 3007 ἰδέᾳ
672 2920 832 3000 dicamus,
876 2919 954 2986 solis
982 2919 1064 2986 illam
1092 2921 1190 2987 instar

261 3059 332 3107 cum
362 3037 493 3106 caeteris
520 3036 598 3103 ideis
632 3038 738 3102 lumen
767 3036 947 3118 effundere,
981 3050 1047 3103 tum
1090 3037 1190 3113 omni·¹

210 3182 213 3190 ’
261 3156 323 3227 bus
353 3155 482 3226 omnino
510 3148 603 3221 rebus
635 3171 700 3218 non
731 3154 834 3221 solurn
868 3167 903 3226 ut
935 3157 1020 3234 sint,
1064 3155 1119 3221 sed
1152 3168 1191 3221 ut
1289 3207 1293 3217 .

211 3253 215 3267 ⁸
259 3289 441 3360 augeantur
478 3271 511 3344 in
547 3289 639 3335 usum
675 3282 839 3349 nostrum,
885 3282 920 3333 ut
947 3285 1107 3350 crescant,
1154 3284 1191 3334 ut

261 3392 411 3474 rigeant,
452 3405 577 3452 caussas
611 3403 682 3452 esse
712 3398 744 3452 et
774 3384 972 3455 effectrices?
1011 3385 1098 3452 Talis
1134 3385 1193 3471 igi·

263 3518 316 3569 tur
347 3501 486 3570 Platonis
505 3591 506 3594 Ἴ
528 3515 598 3583 est,
643 3516 675 3568 et
704 3502 750 3568 sic
785 3516 819 3567 ut
850 3501 975 3569 videtur
1012 3502 1193 3587 explicanda

261 3619 302 3686 de
338 3618 439 3685 bono
483 3618 655 3692 sententiar
705 3620 797 3703 cujus
836 3619 927 3693 ideae
967 3621 1055 3702 qaod
1096 3621 1189 3688 nobis

264 3735 424 3816 effectus,
461 3739 630 3817 tamquam
647 3739 749 3813 τόκους
777 3736 923 3816 tradidit,
962 3736 1060 3818 ipsam
1093 3737 1192 3802 trade·

266 3871 301 3919 re
335 3870 399 3917 non
436 3872 531 3918 ausus
566 3864 640 3932 est,
682 3851 867 3918 admiramur
903 3851 936 3915 ia
977 3868 1015 3916 eo
1050 3852 1193 3935 philoso-

260 3969 317 4056 phi
351 3967 589 4050 verecundiam,
632 3969 687 4039 sed
716 3987 754 4034 eo
799 3966 902 4031 minus
938 3965 1194 4055 committendum

1151 4099 1200 4147 es·
