2896 5168
536 483 738 556 -43-,

101 636 111 657 ‘
159 660 195 709 ut
224 645 270 735 is,
312 644 367 728 qui
393 645 510 729 injuste
539 648 634 712 multa
664 645 820 730 patravit,
859 649 943 731 upurl
974 665 1081 714 omnes

155 763 234 847 justi
253 761 363 829 lubeat
394 762 573 846 opinionem
587 782 614 860 ².
628 777 658 829 et
679 762 708 830 si
732 782 793 844 qua
811 762 844 829 iu
867 782 900 828 re
919 765 1084 847 peccavit,

159 880 316 964 corrigere
348 882 473 962 possit,
513 879 619 964 sitque
652 881 690 946 ad
732 871 979 964 persuadendum
1017 880 1084 946 ido·

160 1014 259 1076 neus,
288 996 315 1061 si
344 995 421 1078 quid
446 999 485 1063 de
509 996 581 1079 ipso
611 998 683 1063 mali
719 995 867 1064 facinoris
899 996 1083 1079 nuntiatur,

162 1112 260 1178 etad
288 1113 376 1196 vim,
410 1112 440 1178 si
472 1132 554 1197 opus
579 1113 696 1195 fuerit,
733 1111 922 1180 inferendam
946 1112 1089 1199 sortitu·
1200 1140 1203 1145 ·

59 1256 65 1263 ’
158 1228 232 1297 diue
259 1245 290 1296 et
319 1230 433 1297 robore
461 1249 622 1314 opumque
650 1247 682 1297 et
709 1230 878 1298 amicorum
895 1229 989 1315 copia
1015 1231 1091 1298 vali·

156 1345 229 1414 dus.
293 1347 378 1415 Cum
407 1349 490 1416 hunc
515 1349 606 1416 talem
636 1348 843 1432 finxerimus,
869 1350 959 1436 juxta
983 1350 1087 1433 ipsum

155 1465 259 1539 virum
277 1483 433 1559 ponamus
451 1467 596 1551 justum,
617 1465 788 1550 simplicem
811 1467 969 1533 hominem
989 1484 1021 1533 et
1041 1466 1089 1534 in·

157 1600 318 1667 genuum,
343 1583 400 1666 qui
420 1584 592 1650 secuudum
613 1583 807 1667 Aeschylum
828 1600 894 1649 uon
914 1583 1013 1651 videri
1033 1583 1089 1649 sed

157 1715 229 1764 esse
244 1699 349 1764 bouus
368 1700 504 1767 studeat.
548 1698 750 1766 Removeudu
769 1700 889 1793 quippe
906 1700 944 1765 ab
968 1718 1007 1766 eo
1023 1703 1091 1782 jus·
1122 1705 1129 1719 “

156 1814 242 1881 titire
270 1815 373 1882 omnis
401 1815 538 1898 opinio,
575 1834 616 1882 ne
638 1817 745 1901 iustus
763 1817 910 1901 cuiquem
929 1804 1087 1885 videatur:

155 1931 284 1999 sienim
302 1932 461 2000 ridebitur
476 1931 594 2031 justus·
608 1950 697 2013 esse,
721 1934 851 2000 aderunt
869 1921 932 2016 ipsi
953 1932 1089 1998 honores

155 2065 188 2117 et
204 2048 358 2137 praemiat
381 2050 536 2118 incertum
555 2050 652 2135 igitur
672 2050 753 2132 erit,
780 2051 901 2136 iustine
924 2069 964 2118 au
986 2050 1089 2118 hono·

154 2181 223 2233 rum
243 2185 469 2252 munerumque
488 2168 586 2252 gratia
605 2168 675 2234 telis
696 2168 751 2235 sit.
794 2169 968 2240 Privuudus
990 2169 1088 2255 igitur

152 2287 247 2352 rebus
261 2287 410 2354 omuibus
430 2303 664 2371 praeterquam
683 2287 828 2373 justitii,
848 2303 944 2371 atque
963 2288 1008 2355 ita
1029 2307 1088 2372 po·

153 2404 299 2487 nendos,
318 2418 354 2471 ut
371 2405 526 2488 superiori
546 2403 721 2472 contrarius
740 2405 805 2488 sit,
828 2424 899 2472 cum
920 2382 1001 2472 nihil
1016 2422 1087 2490 agot

152 2520 290 2609 injuste,
312 2521 537 2608 iniustissimos
558 2540 627 2588 esse
647 2522 812 2605 credatur;
839 2537 875 2589 ut
893 2523 984 2605 quasi
1004 2542 1085 2605 quo·

41 2622 46 2629 ¹
152 2638 221 2708 dum
241 2639 381 2709 examine
395 2639 435 2706 ad
452 2637 605 2726 justitiam
626 2637 671 2706 sit
691 2638 865 2724 probatus,
887 2657 926 2706 ex
941 2639 1085 2723 eoquod
1152 2690 1160 2707 .

151 2774 209 2825 uec
228 2756 353 2825 iufamia
374 2773 432 2825 noc
457 2757 508 2824 his
535 2755 649 2838 rebus,
682 2774 764 2838 quae
789 2772 855 2820 eam
885 2770 1083 2838 sequuntur,
1156 2775 1159 2785 ·

148 2877 353 2961 aproposito
375 2868 436 2942 s'uo
454 2875 668 2951 dimoveatur,
693 2872 748 2939 sed
771 2888 873 2954 usque
892 2870 931 2936 od
948 2884 1080 2937 mortem
1197 2901 1200 2908 ·
1254 2932 1257 2939 .

88 3062 91 3073 ,
152 2991 323 3058 immobilis
347 3004 545 3074 perseveret,
577 2990 650 3057 dum
670 3005 727 3072 per
751 3003 875 3054 omnem
894 2985 1015 3069 vitam,
1035 2985 1083 3053 in·

148 3110 256 3194 justus
273 3107 490 3188 existimetur,
512 3107 559 3199 sit¹
571 3121 680 3188 ,tomen
695 3106 820 3190 justus:
840 3117 885 3170 ut‘
898 3122 970 3172 cum
990 3104 1082 3173 umbo

148 3227 188 3294 ad
217 3238 389 3292 extremum
426 3225 647 3308 pervenerint,
684 3221 735 3289 hic
764 3220 890 3306 quidem
916 3223 1080 3311 justitiae,

150 3342 203 3408 ille
237 3353 339 3409 tutem
371 3340 562 3424 injustitiae,
590 3340 768 3428 judicetur,
801 3356 870 3407 uter
899 3358 1009 3409 eorum
1037 3341 1081 3408 sit

148 3442 361 3530 buuorssul'
404 3492 410 3517 ·
524 3475 545 3539 ἢ

85 3651 87 3654 ,
191 3576 278 3657 llaec
304 3588 472 3659 postquam
497 3574 623 3644 Glauco
644 3589 705 3643 tam
731 3575 846 3673 diserte
867 3589 961 3657 atque
980 3573 1078 3642 tdml·

145 3694 236 3762 rabili
256 3711 331 3761 sane
349 3691 499 3760 orationis
518 3693 636 3776 impetu
656 3707 687 3757 et
707 3691 835 3758 flumine
853 3689 994 3775 dixerat,
1015 3691 1077 3758 So·

147 3829 268 3893 crates,
307 3810 389 3879 vahl
430 3809 556 3892 iuquit,
585 3829 680 3894 quam
702 3808 919 3892 vehementer,
950 3826 971 3875 o
1005 3826 1079 3876 suu·

1014 3943 1080 3991 vrs-

183 4073 226 4145 lul
243 4077 288 4128 u.
302 4077 375 4158 usp,
394 4072 436 4131 u.
451 4073 520 4137 stu,
532 4072 568 4130 r.
581 4097 617 4125 -
633 4072 693 4131 so.
711 4073 749 4133 u.
