2896 5168
632 459 827 523 ..ψ-

262 627 352 691 detur
377 627 463 690 Plato
488 621 650 690 scribendi
671 621 782 689 Politia
803 622 847 685 sic
873 637 995 687 omnent
1016 620 1096 705 justi
1117 621 1188 704 phi·

263 743 436 826 losophiam
461 740 564 805 animo
582 758 651 804 esse
669 741 875 821 corttplexus,
906 754 940 805 ut
962 756 1045 804 nunc
1064 739 1187 806 demunt

260 878 352 945 aptus
377 876 461 925 esset
487 859 615 936 factus,
638 857 693 937 qui
716 853 852 938 perlecta
875 875 939 920 earn
962 855 1064 922 sormi
1086 856 1187 922 trade·

259 997 326 1058 ret,
357 992 410 1056 et,
442 975 584 1056 quamvis
613 975 716 1037 locum
747 973 779 1038 in
810 975 867 1038 lrac
892 972 958 1056 ipsa
985 974 1188 1057 philosophie

258 1099 351 1178 longe
376 1092 587 1158 difficillimum
615 1106 782 1171 tractaret,
807 1092 879 1155 mira
900 1092 931 1156 id
951 1091 1065 1157 faceret
1086 1090 1187 1158 facili·

258 1225 333 1275 tate.
377 1209 444 1274 Nec
472 1209 572 1270 solum
596 1202 733 1289 perfecta
757 1206 817 1270 dici
839 1207 931 1289 hujus
951 1205 1065 1290 dialogi
1085 1204 1186 1275 forma

257 1340 388 1409 potest;
412 1323 467 1388 sed
490 1323 599 1386 lubens
621 1304 827 1387 adco'auctor
847 1323 1000 1388 scribendi
1023 1324 1185 1392 difficulte-

256 1459 318 1506 tem
341 1443 465 1507 auxisse
485 1441 632 1522 videtur,
659 1456 694 1504 ut
715 1439 870 1521 dialogum
897 1440 1021 1524 dialogo
1045 1441 1185 1508 include·

258 1574 319 1626 ret.
351 1558 485 1626 Primum
510 1557 590 1621 enirn
607 1557 800 1622 Phaedonem
822 1574 893 1620 cum
914 1557 1083 1649 Echecrate
1099 1557 1185 1624 Phli-

258 1690 332 1740 unte
360 1673 609 1739 confabulantem
641 1670 740 1752 fecit,
773 1686 839 1736 tum
875 1674 906 1738 in
936 1652 995 1739 lios
1024 1693 1185 1744 sermones

256 1792 301 1857 sic
322 1792 449 1856 inclusit
474 1791 612 1856 Socratis
632 1791 664 1854 in
687 1807 808 1855 carcerc
832 1809 902 1856 curn
932 1790 1039 1857 amicis
1065 1811 1185 1859 sermo·

255 1929 334 1988 nes,
363 1928 397 1972 ut
419 1925 588 1991 perpetuus
609 1908 650 1972 sit
669 1908 707 1971 ad
728 1906 817 1972 finem
840 1927 942 1988 usque
960 1909 1135 1974 Phaedonis
1152 1924 1185 1977 et

253 2026 434 2092 Echecratis
455 2043 572 2088 sermo.
616 2025 721 2089 Parem
743 2023 971 2104 quodammodo
999 2025 1114 2109 dialogi
1134 2045 1184 2092 ra·

254 2146 369 2207 tionem
393 2144 424 2206 in
447 2141 611 2207 Ciceronis
631 2140 668 2203 de
688 2155 813 2205 oratore
834 2140 921 2205 libris
945 2141 1122 2210 cernimusr
1149 2142 1184 2208 in

254 2232 429 2323 enarrandis
454 2258 589 2336 Crassi,
622 2258 754 2323 Antonii
782 2275 1036 2339 caeterorumque
1064 2280 1185 2328 sermo·

157 2448 165 2465 ,
252 2376 368 2453 nibus,
390 2394 480 2439 suum
499 2376 567 2455 ipse
585 2394 654 2438 cunt
678 2372 776 2437 Bruto
796 2393 856 2439 suo
873 2394 1066 2457 sermonem,
1087 2397 1182 2460 quem

251 2494 289 2559 ab
312 2491 402 2557 initio
421 2490 622 2571 instituerat,
646 2493 808 2556 continuat
833 2493 1010 2560 identidem.
1047 2494 1108 2560 Hic
1126 2514 1186 2561 au-

253 2627 314 2676 tem
332 2611 362 2676 in
380 2608 512 2693 dialogis
526 2613 594 2694 ejus
609 2611 747 2675 omnium
765 2606 1010 2695 perfectissimus
1022 2627 1182 2680 censetur.

548 2844 605 2910 De
637 2849 727 2911 rita
757 2841 894 2910 beata.

294 3080 432 3159 Verum,
467 3079 614 3161 explicito
644 3079 675 3144 in
705 3080 787 3146 lrunc
824 3083 949 3147 modum
974 3081 1113 3147 Platonis
1143 3085 1185 3153 de

250 3195 421 3261 animorum
454 3195 682 3262 immortalitate
715 3198 854 3279 placito,
888 3200 1092 3265 accedendum
1117 3201 1181 3284 jrm

250 3313 343 3377 nobis
379 3315 417 3377 ad
448 3319 616 3396 eruardus,
655 3313 795 3397 justitiae
824 3316 1014 3398 virtutisque
1047 3317 1183 3400 praemit

250 3445 320 3509 est,
355 3430 469 3511 quilms
494 3431 636 3494 Socrates
668 3432 751 3512 apud
779 3449 849 3496 eum
872 3434 1019 3516 deinceps
1038 3438 1180 3520 justum,
1279 3428 1283 3435 ’

251 3547 295 3610 sic
325 3549 480 3627 reportati
509 3545 546 3608 ab
576 3546 716 3629 injusto,
740 3548 900 3629 tyrannico
918 3548 979 3615 isto
1002 3553 1092 3632 vir0,
1114 3554 1182 3619 vic·

250 3664 349 3740 toria,
374 3663 542 3726 ornandum
572 3679 689 3728 censet.
755 3665 867 3731 Narrat
899 3668 995 3751 igitur
1024 3687 1181 3740 vetustam
1274 3672 1281 3683 ’

249 3780 286 3842 de
323 3779 385 3842 Ere
410 3780 559 3844 Armenio
594 3779 661 3844 sive
695 3778 828 3848 fabulam
865 3788 931 3851 sive
962 3790 1181 3874 traditionem,

250 3894 325 3974 qui,
357 3912 521 3977 postquam
553 3913 694 3962 mortuus
723 3897 844 3982 fuerat,
867 3903 898 3967 in
930 3906 1023 3970 vitam
1053 3906 1182 3974 rediisse

249 4012 430 4093 dicebatur,
452 4031 593 4092 quaeque
623 4012 685 4079 iuic
719 4018 836 4085 viderat
866 4021 1085 4104 audiveratque
1104 4043 1182 4106 ape·

1096 4157 1182 4205 rurs·
