<?xml version="1.0" encoding="UTF-8"?>
<!DOCTYPE html PUBLIC "-//W3C//DTD XHTML 1.0 Transitional//EN"
    "http://www.w3.org/TR/xhtml1/DTD/xhtml1-transitional.dtd">
<html xmlns="http://www.w3.org/1999/xhtml" xml:lang="en" lang="en">
 <head>
  <title>
</title>
<meta http-equiv="Content-Type" content="text/html;charset=utf-8" />
  <meta name='ocr-system' content='tesseract 3.04.00' />
  <meta name='ocr-capabilities' content='ocr_page ocr_carea ocr_par ocr_line ocrx_word'/>
</head>
<body>
  <div class='ocr_page' id='page_1' title='image "./initiaphilosoph04heusgoog_0145.png"; bbox 0 0 2896 5168; ppageno 0'>
   <div class='ocr_carea' id='block_1_1' title="bbox 639 506 829 570">
    <p class='ocr_par' dir='ltr' id='par_1_1' title="bbox 639 506 829 570">
     <span class='ocr_line' id='line_1_1' title="bbox 639 506 829 570; baseline 0.021 -32"><span class='ocrx_word' id='word_1_1' title='bbox 639 517 681 538; x_wconf 82' lang='grc'>-</span> <span class='ocrx_word' id='word_1_2' title='bbox 706 506 829 570; x_wconf 79' lang='lat'>¹40-</span> 
     </span>
    </p>
   </div>
   <div class='ocr_carea' id='block_1_2' title="bbox 219 665 1187 2494">
    <p class='ocr_par' dir='ltr' id='par_1_2' title="bbox 219 665 1187 2494">
     <span class='ocr_line' id='line_1_2' title="bbox 265 665 1180 757; baseline 0 -29"><span class='ocrx_word' id='word_1_3' title='bbox 265 667 406 757; x_wconf 84' lang='lat' dir='ltr'><strong>quinque</strong></span> <span class='ocrx_word' id='word_1_4' title='bbox 432 668 503 731; x_wconf 89' lang='lat' dir='ltr'><strong>item</strong></span> <span class='ocrx_word' id='word_1_5' title='bbox 529 668 635 732; x_wconf 89' lang='lat' dir='ltr'><strong>animi.</strong></span> <span class='ocrx_word' id='word_1_6' title='bbox 656 668 875 752; x_wconf 89' lang='lat' dir='ltr'><strong>-Quaenam</strong></span> <span class='ocrx_word' id='word_1_7' title='bbox 897 667 994 733; x_wconf 73' lang='lat' dir='ltr'><strong>illac?</strong></span> <span class='ocrx_word' id='word_1_8' title='bbox 1014 702 1058 717; x_wconf 94' lang='lat'><em>-</em></span> <span class='ocrx_word' id='word_1_9' title='bbox 1079 665 1180 732; x_wconf 81' lang='lat' dir='ltr'><strong>Unam</strong></span> 
     </span>
     <span class='ocr_line' id='line_1_3' title="bbox 264 783 1181 866; baseline 0 -20"><span class='ocrx_word' id='word_1_10' title='bbox 264 800 332 848; x_wconf 84' lang='lat' dir='ltr'><strong>esse</strong></span> <span class='ocrx_word' id='word_1_11' title='bbox 347 785 396 866; x_wconf 89' lang='lat' dir='ltr'><strong>ajo</strong></span> <span class='ocrx_word' id='word_1_12' title='bbox 416 785 551 862; x_wconf 85' lang='lat' dir='ltr'>hancce,</span> <span class='ocrx_word' id='word_1_13' title='bbox 580 804 671 865; x_wconf 90' lang='lat' dir='ltr'><strong>quam</strong></span> <span class='ocrx_word' id='word_1_14' title='bbox 689 785 914 866; x_wconf 80' lang='lat' dir='ltr'>exposuimus:</span> <span class='ocrx_word' id='word_1_15' title='bbox 936 783 1060 847; x_wconf 92' lang='lat' dir='ltr'><strong>duobus</strong></span> <span class='ocrx_word' id='word_1_16' title='bbox 1080 798 1181 848; x_wconf 87' lang='lat' dir='ltr'><strong>autem</strong></span> 
     </span>
     <span class='ocr_line' id='line_1_4' title="bbox 263 898 1181 982; baseline 0.002 -20"><span class='ocrx_word' id='word_1_17' title='bbox 263 898 443 963; x_wconf 78' lang='lat' dir='ltr'><strong>nominibus</strong></span> <span class='ocrx_word' id='word_1_18' title='bbox 461 900 606 981; x_wconf 85' lang='lat' dir='ltr'><strong>appellari</strong></span> <span class='ocrx_word' id='word_1_19' title='bbox 625 915 740 981; x_wconf 85' lang='lat' dir='ltr'><strong>potest.</strong></span> <span class='ocrx_word' id='word_1_20' title='bbox 775 901 855 964; x_wconf 89' lang='lat' dir='ltr'><strong>Nam</strong></span> <span class='ocrx_word' id='word_1_21' title='bbox 877 901 903 964; x_wconf 92' lang='lat' dir='ltr'><strong>si</strong></span> <span class='ocrx_word' id='word_1_22' title='bbox 929 900 1007 964; x_wconf 88' lang='lat' dir='ltr'><strong>inter</strong></span> <span class='ocrx_word' id='word_1_23' title='bbox 1027 899 1181 982; x_wconf 75' lang='lat' dir='ltr'>principes</span> 
     </span>
     <span class='ocr_line' id='line_1_5' title="bbox 263 1014 1181 1099; baseline 0.003 -22"><span class='ocrx_word' id='word_1_24' title='bbox 263 1014 398 1079; x_wconf 91' lang='lat' dir='ltr'><strong>civitatis</strong></span> <span class='ocrx_word' id='word_1_25' title='bbox 418 1035 497 1079; x_wconf 84' lang='lat' dir='ltr'><strong>rmus</strong></span> <span class='ocrx_word' id='word_1_26' title='bbox 521 1016 644 1099; x_wconf 87' lang='lat' dir='ltr'><strong>quidam</strong></span> <span class='ocrx_word' id='word_1_27' title='bbox 661 1018 702 1081; x_wconf 92' lang='lat' dir='ltr'><strong>sit</strong></span> <span class='ocrx_word' id='word_1_28' title='bbox 719 1018 856 1081; x_wconf 89' lang='lat' dir='ltr'><strong>omnium</strong></span> <span class='ocrx_word' id='word_1_29' title='bbox 878 1016 1181 1098; x_wconf 87' lang='lat' dir='ltr'><strong>praestantissimus,</strong></span> 
     </span>
     <span class='ocr_line' id='line_1_6' title="bbox 262 1132 1184 1218; baseline 0.005 -22"><span class='ocrx_word' id='word_1_30' title='bbox 262 1135 408 1213; x_wconf 58' lang='grc' dir='ltr'><strong>βασιλεία</strong></span> <span class='ocrx_word' id='word_1_31' title='bbox 433 1132 559 1197; x_wconf 90' lang='lat' dir='ltr'><strong>dicenda</strong></span> <span class='ocrx_word' id='word_1_32' title='bbox 587 1132 649 1214; x_wconf 89' lang='lat' dir='ltr'><strong>sit,</strong></span> <span class='ocrx_word' id='word_1_33' title='bbox 686 1133 856 1196; x_wconf 89' lang='lat' dir='ltr'><strong>sinautem</strong></span> <span class='ocrx_word' id='word_1_34' title='bbox 876 1135 1001 1214; x_wconf 88' lang='lat' dir='ltr'><strong>plures,</strong></span> <span class='ocrx_word' id='word_1_35' title='bbox 1032 1139 1184 1218; x_wconf 68' lang='lat' dir='ltr'><strong>apocope-</strong></span> 
     </span>
     <span class='ocr_line' id='line_1_7' title="bbox 263 1249 1182 1332; baseline -0.003 -15"><span class='ocrx_word' id='word_1_36' title='bbox 263 1251 327 1318; x_wconf 66' lang='grc' dir='ltr'><strong>τίω.</strong></span> <span class='ocrx_word' id='word_1_37' title='bbox 349 1282 395 1299; x_wconf 89' lang='grc'>-</span> <span class='ocrx_word' id='word_1_38' title='bbox 415 1249 494 1312; x_wconf 89' lang='lat' dir='ltr'><strong>Vera</strong></span> <span class='ocrx_word' id='word_1_39' title='bbox 519 1266 635 1314; x_wconf 85' lang='lat' dir='ltr'><strong>narras.</strong></span> <span class='ocrx_word' id='word_1_40' title='bbox 665 1286 708 1301; x_wconf 92' lang='lat'>-</span> <span class='ocrx_word' id='word_1_41' title='bbox 737 1249 822 1313; x_wconf 89' lang='lat' dir='ltr'><strong>Hanc</strong></span> <span class='ocrx_word' id='word_1_42' title='bbox 842 1267 931 1312; x_wconf 87' lang='lat' dir='ltr'><strong>unam</strong></span> <span class='ocrx_word' id='word_1_43' title='bbox 951 1250 1027 1314; x_wconf 88' lang='lat' dir='ltr'><strong>adeo</strong></span> <span class='ocrx_word' id='word_1_44' title='bbox 1046 1251 1182 1332; x_wconf 85' lang='lat' dir='ltr'><strong>speciem</strong></span> 
     </span>
     <span class='ocr_line' id='line_1_8' title="bbox 264 1364 1181 1446; baseline 0.001 -19"><span class='ocrx_word' id='word_1_45' title='bbox 264 1383 332 1427; x_wconf 89' lang='lat' dir='ltr'><strong>esse</strong></span> <span class='ocrx_word' id='word_1_46' title='bbox 348 1364 437 1445; x_wconf 88' lang='lat' dir='ltr'><strong>dico,</strong></span> <span class='ocrx_word' id='word_1_47' title='bbox 462 1365 554 1446; x_wconf 90' lang='lat' dir='ltr'><strong>quia,</strong></span> <span class='ocrx_word' id='word_1_48' title='bbox 576 1366 642 1430; x_wconf 86' lang='lat' dir='ltr'><strong>sive</strong></span> <span class='ocrx_word' id='word_1_49' title='bbox 659 1367 763 1446; x_wconf 88' lang='lat' dir='ltr'><strong>plures</strong></span> <span class='ocrx_word' id='word_1_50' title='bbox 784 1366 974 1446; x_wconf 82' lang='lat' dir='ltr'>gubernent,</span> <span class='ocrx_word' id='word_1_51' title='bbox 996 1364 1064 1428; x_wconf 82' lang='lat' dir='ltr'><strong>sive</strong></span> <span class='ocrx_word' id='word_1_52' title='bbox 1080 1384 1181 1444; x_wconf 87' lang='lat' dir='ltr'><strong>unus,</strong></span> 
     </span>
     <span class='ocr_line' id='line_1_9' title="bbox 262 1479 1183 1562; baseline 0.001 -19"><span class='ocrx_word' id='word_1_53' title='bbox 262 1480 391 1560; x_wconf 89' lang='lat' dir='ltr'><strong>nullus,</strong></span> <span class='ocrx_word' id='word_1_54' title='bbox 419 1479 473 1560; x_wconf 92' lang='lat' dir='ltr'><strong>qui</strong></span> <span class='ocrx_word' id='word_1_55' title='bbox 493 1481 557 1561; x_wconf 91' lang='lat' dir='ltr'><strong>ita,</strong></span> <span class='ocrx_word' id='word_1_56' title='bbox 580 1496 615 1545; x_wconf 94' lang='lat' dir='ltr'><strong>ut</strong></span> <span class='ocrx_word' id='word_1_57' title='bbox 635 1482 790 1562; x_wconf 81' lang='lat' dir='ltr'>diximus,</span> <span class='ocrx_word' id='word_1_58' title='bbox 813 1483 960 1547; x_wconf 80' lang='lat' dir='ltr'><strong>educatus</strong></span> <span class='ocrx_word' id='word_1_59' title='bbox 981 1481 1183 1561; x_wconf 81' lang='lat' dir='ltr'><strong>eruditusque</strong></span> 
     </span>
     <span class='ocr_line' id='line_1_10' title="bbox 258 1594 1183 1680; baseline 0.003 -20"><span class='ocrx_word' id='word_1_60' title='bbox 258 1594 372 1676; x_wconf 87' lang='lat' dir='ltr'><strong>fuerit,</strong></span> <span class='ocrx_word' id='word_1_61' title='bbox 398 1596 567 1679; x_wconf 85' lang='lat' dir='ltr'><strong>quidquam</strong></span> <span class='ocrx_word' id='word_1_62' title='bbox 587 1615 772 1680; x_wconf 80' lang='lat' dir='ltr'><strong>magnopere</strong></span> <span class='ocrx_word' id='word_1_63' title='bbox 791 1597 824 1661; x_wconf 89' lang='lat' dir='ltr'><strong>in</strong></span> <span class='ocrx_word' id='word_1_64' title='bbox 839 1598 883 1662; x_wconf 89' lang='lat' dir='ltr'><strong>rei</strong></span> <span class='ocrx_word' id='word_1_65' title='bbox 903 1597 1045 1679; x_wconf 89' lang='lat' dir='ltr'><strong>publicae</strong></span> <span class='ocrx_word' id='word_1_66' title='bbox 1061 1596 1183 1678; x_wconf 83' lang='lat' dir='ltr'><strong>legibus</strong></span> 
     </span>
     <span class='ocr_line' id='line_1_11' title="bbox 260 1709 1184 1795; baseline 0.002 -19"><span class='ocrx_word' id='word_1_67' title='bbox 260 1709 548 1782; x_wconf 74' lang='lat' dir='ltr'><strong>innovabunt-</strong></span> <span class='ocrx_word' id='word_1_68' title='bbox 565 1713 609 1780; x_wconf 87' lang='lat' dir='ltr'><strong>Et</strong></span> <span class='ocrx_word' id='word_1_69' title='bbox 626 1713 672 1778; x_wconf 90' lang='lat' dir='ltr'><strong>sic</strong></span> <span class='ocrx_word' id='word_1_70' title='bbox 689 1713 813 1795; x_wconf 90' lang='lat' dir='ltr'><strong>quidem</strong></span> <span class='ocrx_word' id='word_1_71' title='bbox 830 1712 913 1777; x_wconf 89' lang='lat' dir='ltr'><strong>hunc</strong></span> <span class='ocrx_word' id='word_1_72' title='bbox 931 1712 1100 1794; x_wconf 83' lang='lat' dir='ltr'><strong>ingreditur</strong></span> <span class='ocrx_word' id='word_1_73' title='bbox 1112 1733 1184 1780; x_wconf 90' lang='lat' dir='ltr'><strong>cum</strong></span> 
     </span>
     <span class='ocr_line' id='line_1_12' title="bbox 219 1829 1187 1912; baseline 0.001 -18"><span class='ocrx_word' id='word_1_74' title='bbox 219 1872 222 1879; x_wconf 43' lang='grc' dir='ltr'>ι</span> <span class='ocrx_word' id='word_1_75' title='bbox 259 1830 505 1897; x_wconf 84' lang='lat' dir='ltr'><strong>adolescentibus</strong></span> <span class='ocrx_word' id='word_1_76' title='bbox 532 1848 703 1896; x_wconf 89' lang='lat' dir='ltr'><strong>sermonem</strong></span> <span class='ocrx_word' id='word_1_77' title='bbox 730 1830 896 1907; x_wconf 84' lang='lat' dir='ltr'><strong>Socrates,</strong></span> <span class='ocrx_word' id='word_1_78' title='bbox 930 1829 985 1910; x_wconf 93' lang='lat' dir='ltr'><strong>qui</strong></span> <span class='ocrx_word' id='word_1_79' title='bbox 1013 1832 1051 1895; x_wconf 91' lang='lat' dir='ltr'><strong>ad</strong></span> <span class='ocrx_word' id='word_1_80' title='bbox 1080 1845 1187 1912; x_wconf 87' lang='lat' dir='ltr'><strong>tyran·</strong></span> 
     </span>
     <span class='ocr_line' id='line_1_13' title="bbox 250 1924 1184 2026; baseline 0.001 -17"><span class='ocrx_word' id='word_1_81' title='bbox 250 1945 359 2010; x_wconf 79' lang='lat' dir='ltr'><strong>‘uidem</strong></span> <span class='ocrx_word' id='word_1_82' title='bbox 380 1947 483 2026; x_wconf 91' lang='lat' dir='ltr'><strong>ducit,</strong></span> <span class='ocrx_word' id='word_1_83' title='bbox 506 1945 645 2011; x_wconf 89' lang='lat' dir='ltr'><strong>civitatis</strong></span> <span class='ocrx_word' id='word_1_84' title='bbox 662 1924 871 2009; x_wconf 86' lang='lat' dir='ltr'><strong>conditionem</strong></span> <span class='ocrx_word' id='word_1_85' title='bbox 892 1945 1069 2025; x_wconf 87' lang='lat' dir='ltr'><strong>pessimam.</strong></span> <span class='ocrx_word' id='word_1_86' title='bbox 1102 1945 1184 2011; x_wconf 90' lang='lat' dir='ltr'><strong>Hine</strong></span> 
     </span>
     <span class='ocr_line' id='line_1_14' title="bbox 260 2060 1185 2144; baseline -0.002 -19"><span class='ocrx_word' id='word_1_87' title='bbox 260 2079 360 2125; x_wconf 86' lang='lat' dir='ltr'><strong>autem</strong></span> <span class='ocrx_word' id='word_1_88' title='bbox 391 2082 568 2142; x_wconf 89' lang='lat' dir='ltr'><strong>comparare</strong></span> <span class='ocrx_word' id='word_1_89' title='bbox 591 2064 705 2144; x_wconf 84' lang='lat' dir='ltr'><strong>justam</strong></span> <span class='ocrx_word' id='word_1_90' title='bbox 732 2062 886 2127; x_wconf 89' lang='lat' dir='ltr'><strong>civitatem</strong></span> <span class='ocrx_word' id='word_1_91' title='bbox 919 2080 988 2125; x_wconf 91' lang='lat' dir='ltr'><strong>cum</strong></span> <span class='ocrx_word' id='word_1_92' title='bbox 1018 2060 1185 2144; x_wconf 87' lang='lat' dir='ltr'><strong>injustissi-</strong></span> 
     </span>
     <span class='ocr_line' id='line_1_15' title="bbox 261 2173 1183 2261; baseline 0.004 -24"><span class='ocrx_word' id='word_1_93' title='bbox 261 2173 331 2255; x_wconf 76' lang='lat' dir='ltr'><strong>mi,</strong></span> <span class='ocrx_word' id='word_1_94' title='bbox 359 2182 478 2261; x_wconf 88' lang='lat' dir='ltr'><strong>justum</strong></span> <span class='ocrx_word' id='word_1_95' title='bbox 507 2176 662 2240; x_wconf 87' lang='lat' dir='ltr'><strong>hominem</strong></span> <span class='ocrx_word' id='word_1_96' title='bbox 685 2197 755 2240; x_wconf 91' lang='lat' dir='ltr'><strong>cum</strong></span> <span class='ocrx_word' id='word_1_97' title='bbox 787 2177 1014 2260; x_wconf 80' lang='lat' dir='ltr'><strong>injustissimo,</strong></span> <span class='ocrx_word' id='word_1_98' title='bbox 1047 2176 1183 2256; x_wconf 90' lang='lat' dir='ltr'><strong>indeque</strong></span> 
     </span>
     <span class='ocr_line' id='line_1_16' title="bbox 260 2285 1181 2372; baseline -0.001 -16"><span class='ocrx_word' id='word_1_99' title='bbox 260 2295 298 2357; x_wconf 91' lang='lat' dir='ltr'><strong>de</strong></span> <span class='ocrx_word' id='word_1_100' title='bbox 330 2293 518 2372; x_wconf 87' lang='lat' dir='ltr'><strong>utriusque,</strong></span> <span class='ocrx_word' id='word_1_101' title='bbox 559 2306 588 2355; x_wconf 91' lang='lat' dir='ltr'><strong>et</strong></span> <span class='ocrx_word' id='word_1_102' title='bbox 615 2292 749 2358; x_wconf 86' lang='lat' dir='ltr'><strong>civitatis</strong></span> <span class='ocrx_word' id='word_1_103' title='bbox 775 2309 804 2358; x_wconf 91' lang='lat' dir='ltr'><strong>et</strong></span> <span class='ocrx_word' id='word_1_104' title='bbox 837 2293 972 2358; x_wconf 90' lang='lat' dir='ltr'><strong>hominis</strong></span> <span class='ocrx_word' id='word_1_105' title='bbox 1006 2295 1070 2357; x_wconf 87' lang='lat' dir='ltr'><strong>vita</strong></span> <span class='ocrx_word' id='word_1_106' title='bbox 1100 2285 1181 2356; x_wconf 84' lang='lat' dir='ltr'><strong>recte</strong></span> 
     </span>
     <span class='ocr_line' id='line_1_17' title="bbox 260 2409 534 2494; baseline 0.011 -18"><span class='ocrx_word' id='word_1_107' title='bbox 260 2411 396 2494; x_wconf 81' lang='lat' dir='ltr'><strong>judicare</strong></span> <span class='ocrx_word' id='word_1_108' title='bbox 417 2409 534 2479; x_wconf 82' lang='lat' dir='ltr'><strong>licebit.</strong></span> 
     </span>
    </p>
   </div>
   <div class='ocr_carea' id='block_1_3' title="bbox 272 2642 1141 2963">
    <p class='ocr_par' dir='ltr' id='par_1_3' title="bbox 272 2642 1141 2963">
     <span class='ocr_line' id='line_1_18' title="bbox 486 2642 961 2729; baseline -0.008 -20"><span class='ocrx_word' id='word_1_109' title='bbox 486 2643 693 2728; x_wconf 74' lang='lat' dir='ltr'><strong>Exigitur</strong></span> <span class='ocrx_word' id='word_1_110' title='bbox 718 2642 770 2708; x_wconf 81' lang='lat' dir='ltr'><strong>ad</strong></span> <span class='ocrx_word' id='word_1_111' title='bbox 794 2646 961 2729; x_wconf 79' lang='lat' dir='ltr'><strong>optimae</strong></span> 
     </span>
     <span class='ocr_line' id='line_1_19' title="bbox 299 2755 1141 2841; baseline -0.007 -15"><span class='ocrx_word' id='word_1_112' title='bbox 299 2765 488 2829; x_wconf 74' lang='lat' dir='ltr'><strong>ciuitatis</strong></span> <span class='ocrx_word' id='word_1_113' title='bbox 511 2760 767 2841; x_wconf 77' lang='lat' dir='ltr'><strong>felicitatem</strong></span> <span class='ocrx_word' id='word_1_114' title='bbox 798 2780 938 2827; x_wconf 72' lang='lat' dir='ltr'><strong>aarum</strong></span> <span class='ocrx_word' id='word_1_115' title='bbox 968 2755 1141 2823; x_wconf 79' lang='lat' dir='ltr'><strong>conditio</strong></span> 
     </span>
     <span class='ocr_line' id='line_1_20' title="bbox 272 2883 1089 2963; baseline -0.002 -20"><span class='ocrx_word' id='word_1_116' title='bbox 272 2948 275 2953; x_wconf 55' lang='grc'><strong><em>,</em></strong></span> <span class='ocrx_word' id='word_1_117' title='bbox 355 2883 583 2959; x_wconf 76' lang='lat' dir='ltr'><strong>ciuitatum,</strong></span> <span class='ocrx_word' id='word_1_118' title='bbox 614 2899 712 2963; x_wconf 79' lang='lat' dir='ltr'><strong>quae</strong></span> <span class='ocrx_word' id='word_1_119' title='bbox 739 2893 958 2963; x_wconf 76' lang='lat' dir='ltr'><strong>corruptae</strong></span> <span class='ocrx_word' id='word_1_120' title='bbox 988 2889 1089 2941; x_wconf 77' lang='lat' dir='ltr'><strong>sunt.</strong></span> 
     </span>
    </p>
   </div>
   <div class='ocr_carea' id='block_1_4' title="bbox 259 3108 1186 3998">
    <p class='ocr_par' dir='ltr' id='par_1_4' title="bbox 259 3108 1186 3889">
     <span class='ocr_line' id='line_1_21' title="bbox 305 3108 1184 3196; baseline 0.003 -25"><span class='ocrx_word' id='word_1_121' title='bbox 305 3110 443 3196; x_wconf 82' lang='lat' dir='ltr'><strong>Acturus</strong></span> <span class='ocrx_word' id='word_1_122' title='bbox 471 3108 616 3191; x_wconf 80' lang='lat' dir='ltr'><strong>deinceps</strong></span> <span class='ocrx_word' id='word_1_123' title='bbox 640 3110 726 3174; x_wconf 89' lang='lat' dir='ltr'><strong>Plato</strong></span> <span class='ocrx_word' id='word_1_124' title='bbox 756 3110 794 3172; x_wconf 94' lang='lat' dir='ltr'><strong>de</strong></span> <span class='ocrx_word' id='word_1_125' title='bbox 828 3108 962 3191; x_wconf 89' lang='lat' dir='ltr'><strong>optimae</strong></span> <span class='ocrx_word' id='word_1_126' title='bbox 988 3108 1124 3173; x_wconf 86' lang='lat' dir='ltr'><strong>civitatis</strong></span> <span class='ocrx_word' id='word_1_127' title='bbox 1151 3108 1184 3174; x_wconf 89' lang='lat' dir='ltr'><strong>itt</strong></span> 
     </span>
     <span class='ocr_line' id='line_1_22' title="bbox 259 3222 1186 3305; baseline 0.001 -20"><span class='ocrx_word' id='word_1_128' title='bbox 259 3223 395 3305; x_wconf 90' lang='lat' dir='ltr'><strong>pejorem</strong></span> <span class='ocrx_word' id='word_1_129' title='bbox 432 3222 642 3287; x_wconf 89' lang='lat' dir='ltr'><strong>conditionem</strong></span> <span class='ocrx_word' id='word_1_130' title='bbox 672 3222 933 3303; x_wconf 85' lang='lat' dir='ltr'><strong>commutatione,</strong></span> <span class='ocrx_word' id='word_1_131' title='bbox 963 3222 1002 3287; x_wconf 93' lang='lat' dir='ltr'><strong>ad</strong></span> <span class='ocrx_word' id='word_1_132' title='bbox 1031 3223 1186 3304; x_wconf 83' lang='lat' dir='ltr'><strong>Pythago·</strong></span> 
     </span>
     <span class='ocr_line' id='line_1_23' title="bbox 260 3338 1183 3419; baseline 0.002 -18"><span class='ocrx_word' id='word_1_133' title='bbox 260 3357 382 3403; x_wconf 86' lang='lat' dir='ltr'><strong>reorum</strong></span> <span class='ocrx_word' id='word_1_134' title='bbox 414 3340 588 3419; x_wconf 86' lang='lat' dir='ltr'><strong>exemplum</strong></span> <span class='ocrx_word' id='word_1_135' title='bbox 620 3357 682 3402; x_wconf 88' lang='lat' dir='ltr'><strong>rem</strong></span> <span class='ocrx_word' id='word_1_136' title='bbox 711 3359 728 3404; x_wconf 93' lang='lat' dir='ltr'><strong>a</strong></span> <span class='ocrx_word' id='word_1_137' title='bbox 755 3340 834 3404; x_wconf 91' lang='lat' dir='ltr'><strong>coeli</strong></span> <span class='ocrx_word' id='word_1_138' title='bbox 861 3338 1119 3404; x_wconf 87' lang='lat' dir='ltr'><strong>conversionibus</strong></span> <span class='ocrx_word' id='word_1_139' title='bbox 1148 3358 1183 3403; x_wconf 93' lang='lat' dir='ltr'><strong>ac</strong></span> 
     </span>
     <span class='ocr_line' id='line_1_24' title="bbox 260 3455 1185 3540; baseline 0.003 -24"><span class='ocrx_word' id='word_1_140' title='bbox 260 3472 459 3520; x_wconf 89' lang='lat' dir='ltr'><strong>numerorum</strong></span> <span class='ocrx_word' id='word_1_141' title='bbox 478 3456 595 3519; x_wconf 88' lang='lat' dir='ltr'><strong>naturis</strong></span> <span class='ocrx_word' id='word_1_142' title='bbox 617 3455 713 3520; x_wconf 89' lang='lat' dir='ltr'><strong>ducit.</strong></span> <span class='ocrx_word' id='word_1_143' title='bbox 755 3455 820 3540; x_wconf 90' lang='lat' dir='ltr'><strong>Qui</strong></span> <span class='ocrx_word' id='word_1_144' title='bbox 842 3458 930 3520; x_wconf 90' lang='lat' dir='ltr'><strong>locus</strong></span> <span class='ocrx_word' id='word_1_145' title='bbox 951 3456 983 3520; x_wconf 88' lang='lat' dir='ltr'><strong>in</strong></span> <span class='ocrx_word' id='word_1_146' title='bbox 1000 3456 1067 3540; x_wconf 87' lang='lat' dir='ltr'><strong>ejus</strong></span> <span class='ocrx_word' id='word_1_147' title='bbox 1084 3455 1185 3538; x_wconf 90' lang='lat' dir='ltr'><strong>scrip-</strong></span> 
     </span>
     <span class='ocr_line' id='line_1_25' title="bbox 262 3572 1181 3653; baseline 0.001 -18"><span class='ocrx_word' id='word_1_148' title='bbox 262 3576 303 3636; x_wconf 89' lang='lat' dir='ltr'><strong>tis</strong></span> <span class='ocrx_word' id='word_1_149' title='bbox 333 3590 440 3635; x_wconf 89' lang='lat' dir='ltr'><strong>omncs</strong></span> <span class='ocrx_word' id='word_1_150' title='bbox 470 3572 572 3636; x_wconf 91' lang='lat' dir='ltr'><strong>onmis</strong></span> <span class='ocrx_word' id='word_1_151' title='bbox 601 3572 667 3637; x_wconf 87' lang='lat' dir='ltr'><strong>aevi</strong></span> <span class='ocrx_word' id='word_1_152' title='bbox 692 3573 873 3652; x_wconf 87' lang='lat' dir='ltr'><strong>interpretes</strong></span> <span class='ocrx_word' id='word_1_153' title='bbox 893 3573 1026 3653; x_wconf 88' lang='lat' dir='ltr'><strong>pessime</strong></span> <span class='ocrx_word' id='word_1_154' title='bbox 1049 3572 1181 3653; x_wconf 91' lang='lat' dir='ltr'><strong>habuit,</strong></span> 
     </span>
     <span class='ocr_line' id='line_1_26' title="bbox 260 3687 1183 3771; baseline 0 -21"><span class='ocrx_word' id='word_1_155' title='bbox 260 3689 391 3767; x_wconf 87' lang='lat' dir='ltr'><strong>necdum</strong></span> <span class='ocrx_word' id='word_1_156' title='bbox 404 3688 478 3753; x_wconf 88' lang='lat' dir='ltr'><strong>satis</strong></span> <span class='ocrx_word' id='word_1_157' title='bbox 498 3690 664 3770; x_wconf 85' lang='lat' dir='ltr'><strong>explicitus</strong></span> <span class='ocrx_word' id='word_1_158' title='bbox 682 3687 817 3756; x_wconf 89' lang='lat' dir='ltr'><strong>videtur.</strong></span> <span class='ocrx_word' id='word_1_159' title='bbox 859 3688 983 3770; x_wconf 91' lang='lat' dir='ltr'><strong>Nobis,</strong></span> <span class='ocrx_word' id='word_1_160' title='bbox 1002 3708 1074 3771; x_wconf 84' lang='lat' dir='ltr'><strong>cum</strong></span> <span class='ocrx_word' id='word_1_161' title='bbox 1086 3688 1183 3770; x_wconf 90' lang='lat' dir='ltr'><strong>ipsam</strong></span> 
     </span>
     <span class='ocr_line' id='line_1_27' title="bbox 260 3803 1184 3889; baseline -0.002 -21"><span class='ocrx_word' id='word_1_162' title='bbox 260 3804 389 3870; x_wconf 85' lang='lat' dir='ltr'><strong>maxime</strong></span> <span class='ocrx_word' id='word_1_163' title='bbox 414 3804 605 3887; x_wconf 86' lang='lat' dir='ltr'><strong>interpretari</strong></span> <span class='ocrx_word' id='word_1_164' title='bbox 631 3803 769 3869; x_wconf 87' lang='lat' dir='ltr'><strong>Platonis</strong></span> <span class='ocrx_word' id='word_1_165' title='bbox 801 3805 1031 3889; x_wconf 90' lang='lat' dir='ltr'><strong>philosophiam</strong></span> <span class='ocrx_word' id='word_1_166' title='bbox 1061 3803 1184 3869; x_wconf 90' lang='lat' dir='ltr'><strong>studea·</strong></span> 
     </span>
    </p>

    <p class='ocr_par' dir='ltr' id='par_1_5' title="bbox 1095 3935 1186 3998">
     <span class='ocr_line' id='line_1_28' title="bbox 1095 3935 1186 3998; baseline 0 -15"><span class='ocrx_word' id='word_1_167' title='bbox 1095 3935 1186 3998; x_wconf 88' lang='lat' dir='ltr'><strong>mus,</strong></span> 
     </span>
    </p>
   </div>
   <div class='ocr_carea' id='block_1_5' title="bbox 296 4054 843 4128">
    <p class='ocr_par' dir='ltr' id='par_1_6' title="bbox 296 4054 843 4128">
     <span class='ocr_line' id='line_1_29' title="bbox 296 4054 843 4128; baseline 0 -16"><span class='ocrx_word' id='word_1_168' title='bbox 296 4059 336 4128; x_wconf 89' lang='lat' dir='ltr'><strong>(t)</strong></span> <span class='ocrx_word' id='word_1_169' title='bbox 356 4061 398 4108; x_wconf 84' lang='lat' dir='ltr'><strong>De</strong></span> <span class='ocrx_word' id='word_1_170' title='bbox 409 4061 482 4127; x_wconf 80' lang='lat' dir='ltr'><strong>Rep.</strong></span> <span class='ocrx_word' id='word_1_171' title='bbox 500 4056 552 4110; x_wconf 85' lang='lat' dir='ltr'><strong>IV.</strong></span> <span class='ocrx_word' id='word_1_172' title='bbox 571 4055 631 4111; x_wconf 61' lang='lat'><strong>415.</strong></span> <span class='ocrx_word' id='word_1_173' title='bbox 649 4055 681 4111; x_wconf 80' lang='lat' dir='ltr'><strong>C.</strong></span> <span class='ocrx_word' id='word_1_174' title='bbox 700 4054 734 4107; x_wconf 78' lang='lat' dir='ltr'><strong>ad</strong></span> <span class='ocrx_word' id='word_1_175' title='bbox 751 4057 843 4112; x_wconf 75' lang='lat' dir='ltr'><strong>linem·</strong></span> 
     </span>
    </p>
   </div>
   <div class='ocr_carea' id='block_1_6' title="bbox 0 0 1457 5168">
    <p class='ocr_par' dir='ltr' id='par_1_7' title="bbox 0 0 1457 5168">
     <span class='ocr_line' id='line_1_30' title="bbox 0 0 1457 5168; baseline 0 0"><span class='ocrx_word' id='word_1_176' title='bbox 0 0 1457 5168; x_wconf 95' lang='lat' dir='ltr'><strong> </strong></span> 
     </span>
    </p>
   </div>
  </div>
 </body>
</html>
