2896 5168
731 463 921 528 ..rac-

368 650 402 695 ea
429 628 589 695 hominum
621 640 735 694 statum
767 628 1032 710 accommodavit3
1064 631 1119 696 s'ed
1147 631 1208 696 boc
1236 633 1288 700 ille

368 745 526 829 spectabat
554 744 585 808 in
615 742 745 827 primis,
776 759 813 808 ut
839 744 881 810 ita
907 763 967 810 una
993 760 1076 811 esset
1100 747 1209 814 civitas
1230 767 1287 816 nec
1325 770 1326 775 ¹

367 863 560 945 singulorum
583 858 714 925 diversis
738 859 851 925 studiis
871 859 903 925 in
922 876 1025 944 partes
1048 862 1287 947 distraheretur,

368 992 436 1043 tom
461 995 535 1042 vero
566 977 611 1040 sic
643 975 784 1057 sperabat
813 973 901 1057 fore,
926 992 961 1041 ut
992 979 1079 1047 cives
1106 982 1288 1049 seinvicem
1380 1056 1394 1079 ·

367 1110 523 1176 tamquam
547 1091 654 1158 fratres
674 1091 856 1175 diligerent,
881 1108 955 1157 natu
983 1097 1114 1179 majores
1135 1113 1290 1182 tamquam

362 1226 508 1300 parentes
539 1223 747 1273 revererentur
778 1221 809 1271 et
835 1225 949 1288 pueros
974 1225 1009 1276 ιιι
1028 1208 1112 1292 filios
1129 1213 1190 1296 ipsi
1213 1234 1290 1283 suos

365 1338 494 1409 paterno
516 1341 617 1389 amore
640 1323 928 1403 complecterentur.
977 1325 1107 1409 Qualem
1127 1331 1290 1399 bominum

366 1442 568 1520 societatem,
589 1440 645 1505 sed
664 1440 832 1523 sejunctam
852 1457 871 1504 a
887 1442 976 1507 cirili
994 1441 1059 1508 vita
1074 1458 1105 1507 et
1122 1447 1290 1530 moralem,

366 1548 466 1643 posse
487 1559 634 1625 exsistere
654 1570 684 1621 et
703 1573 752 1621 res
772 1556 913 1637 loquitur
932 1573 963 1623 et
987 1559 1118 1627 historia
1135 1579 1210 1645 post
1224 1548 1292 1632 bra-

367 1689 470 1742 tonem
496 1675 616 1742 docuit.
661 1672 750 1739 Talis
776 1674 855 1739 enim
881 1675 1003 1741 exstitit
1030 1695 1086 1759 per
1111 1677 1291 1760 religionem

368 1792 574 1862 Christianam
596 1791 767 1856 communis
788 1790 947 1859 hominum
966 1792 1098 1874 civitas,
1120 1795 1290 1863 animorum

365 1927 521 1976 consensu
560 1904 797 1987 divinorumque
834 1906 1019 1974 auctoritate
1059 1927 1290 1994 praeceptorum

364 2029 472 2110 juncta
492 2038 523 2088 et
543 2021 690 2088 stabilita.
735 2022 797 2086 Sed
821 2023 872 2088 his
897 2023 939 2088 ita
960 2025 999 2090 de
1019 2025 1135 2108 optima
1153 2027 1291 2094 Platonis

369 2139 524 2223 republica
547 2139 691 2216 monitis,
711 2137 905 2218 assequimur
918 2141 980 2223 iam
1002 2140 1091 2207 facile
1108 2162 1179 2208 cum
1197 2144 1290 2229 hujus

369 2270 400 2321 et
426 2253 614 2319 rimocratiae
644 2253 928 2336 comparationem,
958 2272 1023 2323 tum
1049 2261 1162 2340 etiam,
1185 2280 1292 2342 quem·

368 2371 530 2438 admodum
553 2370 604 2434 illa
625 2370 706 2450 apud
732 2369 887 2436 Platonem
912 2372 943 2438 in
968 2376 1046 2439 hanc
1071 2390 1291 2461 commutetur.

369 2489 543 2570 Neglecto‚
571 2486 633 2565 ait,
659 2485 773 2550 civium
799 2486 977 2554 discrimine
1002 2491 1152 2572 naturali,
1180 2492 1293 2561 confu-

369 2607 476 2688 sisque
496 2604 537 2668 ita
561 2602 719 2669 bominum
744 2603 931 2685 generibus,
950 2608 1097 2689 ferream
1116 2621 1147 2672 et
1163 2629 1289 2674 meum

369 2723 605 2804 adquaestum,
623 2738 828 2803 agrorumque
844 2737 874 2786 et
884 2723 1045 2789 domorum
1058 2724 1289 2805 possessionem

369 2838 527 2918 ferentur,
546 2858 677 2904 aureum
695 2856 769 2902 vero
789 2854 819 2902 et
835 2854 1034 2923 argenteum,
1054 2840 1171 2924 quippe
1183 2846 1293 2910 natura

369 2955 414 3020 nil
437 2973 543 3020 eorum
561 2953 760 3035 appetentia,
783 2954 821 3018 ed
842 2952 986 3019 virtutem
1016 2972 1192 3039 rectamque
1216 2977 1293 3025 con·

370 3070 520 3136 ditionem
539 3071 676 3136 tendent.
709 3069 790 3134 Otto
811 3069 907 3152 igitur
925 3075 1060 3137 tumultu
1072 3093 1106 3138 ac
1119 3075 1291 3157 seditione,

371 3187 403 3252 in
423 3185 554 3251 medium
574 3186 782 3265 convenient,
808 3199 843 3249 ut
863 3203 956 3268 agros
980 3201 1074 3268 atque
1095 3189 1207 3256 domos
1229 3191 1294 3276 pri·

370 3305 462 3369 vatim
482 3300 680 3383 possideant3
702 3301 763 3366 illis
784 3318 879 3379 vero,
901 3301 956 3381 qui
974 3317 1063 3368 antea
1082 3306 1121 3370 ab
1142 3306 1294 3392 iispriva·

371 3418 484 3483 bantur
519 3431 672 3498 tamquam
712 3415 825 3497 liberi,
855 3418 944 3481 amici
975 3434 1007 3484 et
1038 3423 1232 3504 nutritores,
1259 3426 1292 3490 in

372 3535 551 3603 servitutem
583 3533 713 3599 redactis
738 3547 770 3598 et
794 3533 865 3598 loco
891 3537 1064 3603 accolarum
1086 3555 1117 3607 et
1137 3542 1294 3607 ministro·

371 3672 439 3722 rum
463 3651 598 3733 habitis,
620 3649 681 3732 ipsi
700 3647 774 3713 belli
793 3665 887 3731 atque
908 3655 1069 3720 custodiae
1091 3655 1213 3720 illorum
1235 3674 1292 3720 cu·

367 3789 433 3836 ram
456 3781 577 3852 gerent.
624 3765 708 3832 Hinc
725 3764 848 3832 videtur
870 3770 1000 3835 mutatio
1020 3770 1092 3836 oriri
1112 3784 1144 3834 et
1163 3769 1221 3834 erit
1239 3770 1290 3836 bic

370 3885 556 3966 reipublicae
581 3895 680 3948 status
705 3881 785 3947 inter
806 3884 1022 3951 aristocratiam
1044 3901 1075 3951 et
1095 3885 1290 3968 oligarchiam

373 4000 490 4066 medius
513 3978 638 4081 aliquis.
682 3997 890 4098 Quamobrem
914 4000 1083 4079 imitabitur
1102 4001 1213 4086 partlm
1230 4006 1294 4087 pri·

1210 4139 1294 4187 orem
