2896 5168
753 425 951 474 *121-

390 583 537 669 bsophis
549 588 729 660 musicem
746 574 877 650 manime
896 597 928 650 et
946 592 1144 665 dratinus-iae
1160 592 1313 660 declarans

389 701 446 767 dae
474 705 585 767 esussd
607 699 742 809 ‘prodita
768 715 829 765 est.
873 701 955 768 Sunt
986 702 1019 768 in
1042 706 1228 788 pulcerrimo
1259 710 1314 778 int

387 818 619 904 comparatione
648 818 766 895 mults,
800 818 917 900 quibus
946 819 1097 887 declarem
1123 822 1313 890 substantias
1413 828 1420 844 '

388 936 483 1018 illes,
503 932 645 1000 monades
657 936 669 1014 ,’
681 938 825 1001 essentias
845 937 945 1003 liceat.
990 939 1121 1022 Fingere
1142 956 1174 1005 et
1196 940 1240 1004 ini
1254 946 1315 1023 po&

388 1052 525 1118 tuissent
550 1050 754 1134 philosophi,
787 1070 848 1117 nos
871 1054 904 1117 in
930 1058 1059 1120 caverni
1087 1057 1246 1139 habitam,
1279 1058 1312 1123 in

389 1170 454 1250 qud
479 1168 604 1233 umbras
634 1186 754 1248 rerum,
775 1186 840 1234 non
869 1187 939 1247 res,
971 1185 1171 1253 spectemus,
1195 1175 1314 1258 quippe

388 1287 535 1355 sensibus
562 1307 627 1354 non
649 1290 686 1352 ad
702 1272 785 1369 ipsas
816 1304 917 1352 rerum
936 1288 1151 1370 substantias,
1173 1295 1211 1356 ad
1233 1294 1314 1359 inte·

296 1494 300 1500 Ι
388 1390 502 1470 riorem
522 1423 625 1470 eorum
645 1416 807 1483 naturam,
830 1403 916 1483 quod
936 1403 990 1466 uni
1011 1405 1081 1468 Deo
1104 1406 1196 1485 licet,
1217 1426 1312 1488 pene-
1382 1445 1386 1451 ·

387 1535 516 1604 stantes.
569 1521 780 1585 Veruntamen
809 1519 847 1583 od
883 1519 1015 1587 hominis
1058 1527 1210 1590 παίδευσιν
1247 1541 1312 1588 non

339 1627 345 1720 s
386 1637 565 1719 tontinuo,
594 1654 671 1700 non·
691 1635 820 1718 proprie
859 1638 915 1701 hoe
949 1635 1109 1732 doctrinae
1142 1639 1312 1719 pertinent.

388 1756 494 1841 Magis
523 1755 585 1819 huc
608 1755 712 1817 valent
731 1771 811 1832 quae
833 1752 871 1816 ab
903 1752 972 1816 aliis
992 1754 1032 1817 de
1052 1756 1173 1818 ratione
1190 1761 1313 1838 pracsi-

388 1876 453 1955 σά,
482 1873 520 1937 de
541 1873 655 1937 morali
684 1890 800 1954 organo
830 1887 862 1933 et
900 1868 1012 1933 oruntio
1043 1871 1156 1935 morali
1188 1871 1328 1965 prodite

389 2004 485 2056 sunts
508 1988 540 2054 hi
567 2005 627 2052 nos
649 2005 667 2053 e
690 2003 787 2068 specu
810 1986 840 2050 in
860 1985 951 2050 olium
967 1987 1138 2066 mundum,
1161 2002 1256 2068 atque
1275 1989 1312 2052 il·

387 2107 418 2171 le
441 2120 511 2185 est,
545 2122 636 2187 quem
664 2102 811 2191 sensibus
842 2102 1053 2185 percipimus,
1094 2101 1312 2185 transierunt,

387 2234 419 2287 et
450 2219 607 2303 propius,
640 2230 678 2283 ut
703 2215 863 2295 vidimus,
896 2218 935 2281 od
964 2217 1153 2282 Platonicum
1172 2219 1313 2300 philoso

387 2337 492 2421 phium
515 2336 677 2401 secedunt.
723 2330 866 2415 Verum,
889 2334 1147 2413 quemadmodum
1169 2337 1265 2400 homo
1294 2355 1312 2401 s

386 2454 495 2521 mundi
524 2450 702 2541 spectabilis
734 2450 851 2513 umbris
892 2463 979 2512 totus
1011 2450 1152 2514 converti
1190 2453 1228 2515 ad
1269 2460 1311 2525 τὰ

386 2575 476 2647 sontis
516 2568 647 2644 debeat,
689 2579 725 2630 ut
755 2583 862 2646 puram
894 2564 1168 2653 intaminptamque
1200 2570 1312 2634 verita-

386 2697 449 2750 tem
467 2696 571 2748 mente
594 2680 720 2758 videat,
743 2679 775 2742 id
792 2696 884 2743 nemo
913 2679 1204 2762 philosophorum,
1227 2704 1309 2765 quos

384 2820 446 2868 nos
475 2797 705 2884 cognovimus,
737 2808 798 2857 tam
829 2793 995 2875 studiose,
1028 2809 1090 2860 tarn
1118 2813 1210 2878 apte,
1248 2815 1309 2864 tam

383 2921 500 3005 plene,
522 2932 615 2997 quun
633 2913 692 2978 hoc
705 2911 837 2996 imagine
856 2910 966 2993 Plato,
988 2912 1225 2982 demonstravit.
1248 2917 1311 2982 Sed

384 3035 461 3109 illud
480 3031 756 3100 animadvertamus
772 3028 964 3111 praesertim.
1010 3029 1096 3095 Haec
1117 3032 1210 3114 ipss,¹
1230 3053 1310 3113 quas

271 3218 274 3225 ,
383 3157 473 3231 plato
511 3155 601 3232 νοητὴ
630 3147 786 3229 appellnt,
814 3161 900 3220 extra
931 3146 1082 3210 mundum
1117 3148 1310 3230 adspectabi.

266 3282 274 3291 '
367 3277 471 3355 ¹iens,
501 3285 589 3337 extro
616 3263 796 3343 materiem,
817 3281 909 3344 quam
930 3261 997 3329 iere
1028 3279 1141 3328 vocare
1166 3263 1309 3345 philoso-

382 3390 441 3478 phi
467 3389 593 3464 solent,
614 3382 740 3451 adsunt.
783 3380 902 3448 Cesset
925 3382 959 3442 ln
979 3375 1065 3458 illis,
1088 3395 1124 3444 ut
1146 3379 1310 3465 vidimus,
1390 3425 1402 3472 3

384 3511 420 3580 q)
453 3509 538 3582 tm,
576 3504 614 3570 ss
638 3500 783 3582 μέγεθος,
815 3497 949 3560 ustiones
976 3493 1126 3574 omnino,
1159 3515 1239 3577 quoe
1268 3501 1308 3571 ad

383 3619 585 3708 sopimodum
605 3631 637 3682 et
660 3610 861 3698 judicandum
880 3611 1070 3679 necessariae
1086 3611 1179 3677 nobis
1207 3631 1309 3698 suut,

383 3757 452 3810 mm
484 3733 569 3802 ideas
599 3730 727 3817 proprie
764 3730 808 3796 sic
837 3727 956 3809 dictas,
991 3744 1026 3792 ut
1062 3736 1097 3800 τὸ
1125 3736 1236 3807 καλὸν,
1267 3740 1303 3804 τ)

382 3862 518 3943 mir,
539 3858 572 3925 sd
592 3855 716 3925 δίκαιον·
757 3846 839 3917 Esse
859 3846 933 3912 hoec
962 3862 1064 3911 autem
1085 3845 1123 3914 ab.
1152 3864 1193 3922 eo
1219 3863 1304 3926 extra

385 3973 533 4044 mundum
557 3963 792 4050 adspectabilem
813 3965 901 4045 ficta,
925 3982 943 4029 e
961 3963 1151 4046 Phaedro,e
1173 3960 1309 4044 Timspo

1232 4080 1300 4146 aliis
