2896 5168
639 493 811 555 ..„-

261 669 419 737 utramque
440 669 577 720 naturam
599 653 701 719 inesse
726 653 849 720 debere.
878 689 923 707 -
952 657 1109 722 Diximus.
1139 694 1184 710 -

255 768 373 836 Nonne
392 780 564 854 congruere
585 772 664 836 inter
686 789 721 836 se
739 785 772 836 et
788 771 953 841 concinere
970 774 1116 855 oportet?
1139 807 1184 823 -

256 886 402 971 Quidni?
422 923 467 938 -
488 887 621 955 Animus
642 890 729 971 ejus,
751 887 783 952 in
805 906 869 969 quo
895 888 968 952 haec
989 904 1182 966 consonant,

258 1019 429 1088 temperans
447 1019 497 1071 est
515 1019 547 1071 et
567 1004 660 1071 fortis
668 1006 690 1071 a,
705 1042 752 1058 -
771 1005 922 1071 Omnino.
941 1012 988 1061 '-
1008 1007 1088 1090 Ejus
1107 1024 1181 1071 vero

244 1104 399 1199 animus,
422 1122 454 1186 in
475 1140 540 1204 quo
560 1121 745 1201 dissonant,
767 1119 894 1189 timidus
916 1136 947 1187 et
966 1123 1120 1202 agrestis?
1140 1160 1184 1178 -
1286 1198 1289 1203 ,

255 1237 300 1303 Et
330 1240 458 1303 maxime
483 1238 620 1320 quidem.
642 1238 794 1321 -Ergo
825 1238 1006 1320 quicunque
1035 1239 1183 1304 musicam
1223 1226 1225 1230 Α

255 1353 330 1420 sinit
350 1374 405 1437 per
425 1374 536 1439 aures,
567 1370 712 1437 tauquam
735 1353 957 1436 infundibula,
990 1355 1023 1420 in
1048 1354 1184 1422 animum

254 1490 345 1536 suum
386 1473 568 1553 infundere,
607 1487 687 1554 quas
725 1471 819 1537 modo
854 1472 1010 1553 diximus,
1048 1491 1183 1551 suaves,

254 1592 363 1654 molles
392 1610 426 1656 ac
456 1590 575 1655 flebiles
608 1587 801 1668 harmonias,
831 1603 924 1669 atque
945 1591 1074 1652 aetatem
1094 1607 1183 1654 suam

200 1711 202 1715 '
255 1704 288 1795 in
328 1705 471 1770 cautibus
504 1704 640 1769 animum
679 1702 898 1768 delinientibus
937 1703 1116 1783 consumit,
1157 1704 1184 1769 is

255 1818 389 1900 primum
410 1819 558 1900 quidem,
585 1818 613 1884 si
636 1818 713 1900 quid
733 1818 910 1884 iracundum
936 1819 1088 1899 habebat,
1110 1833 1187 1884 tatu·

255 1953 347 2016 quam
368 1932 504 2015 ferrum,
535 1936 653 2001 emollit
674 1948 768 2016 atque
799 1935 874 1999 utile
903 1952 943 2000 ex
968 1934 1072 2001 inutili
1093 1938 1187 2002 duro·

256 2072 317 2135 que
336 2054 451 2134 efficit,
483 2055 561 2119 idem
583 2072 681 2135 vero,
711 2053 764 2118 ubi
786 2071 850 2118 non
873 2069 998 2135 cessat,
1032 2055 1087 2119 sed
1107 2057 1188 2120 mul·

253 2189 322 2236 cere
355 2191 390 2237 ac
424 2171 552 2238 delinire
586 2172 712 2254 pergit,
752 2171 886 2236 animum
923 2171 1044 2236 tandem
1082 2186 1183 2236 toturn

252 2286 415 2370 liquefacit
444 2308 479 2354 ac
510 2290 661 2371 resolvit,
693 2292 792 2355 donec
821 2290 884 2352 vim
913 2306 1036 2353 omnem
1058 2302 1089 2352 et
1108 2287 1184 2352 i'ratn

252 2405 415 2471 sustulerit
436 2420 468 2470 et
495 2406 592 2470 veluti
615 2424 729 2472 nervos
760 2403 925 2470 exsciderit
955 2402 1069 2482 animi,
1101 2414 1185 2467 eum·

253 2541 336 2604 que,
365 2535 402 2588 ut
430 2522 513 2604 apud
540 2522 711 2587 Homerum
732 2537 802 2601 est,
823 2525 977 2604 malacia
997 2523 1153 2604 αἰχμητήν
1170 2564 1181 2598 ,

215 2611 219 2621 “
252 2638 370 2705 mollem
395 2653 600 2726 pugnatorem
630 2637 777 2703 effecerit.
803 2636 843 2704 (¹)
877 2671 923 2686 -
951 2635 1003 2701 Sic
1033 2650 1082 2700 est
1117 2653 1184 2700 otn-

251 2755 339 2822 nino.
361 2755 551 2840 -Quodsi
579 2755 651 2833 quis
684 2767 818 2832 contra,
855 2753 973 2817 musici
994 2765 1025 2815 et
1042 2751 1184 2831 philoso·

251 2870 326 2951 phil
348 2870 509 2953 neglecti,
531 2869 738 2952 gymnasticae
758 2887 825 2934 sese
845 2883 948 2932 totum
974 2866 1089 2945 tradit,
1120 2869 1183 2949 pri·

252 3004 337 3049 mum
380 2987 408 3050 is
449 2983 571 3051 firmum
611 2983 757 3064 corporis
795 2982 932 3047 habitum
969 2997 1178 3062 consecutus,

251 3099 344 3165 animi
364 3099 484 3164 viribus
504 3118 538 3164 ae
565 3098 775 3180 magnitudine
796 3097 974 3177 invalescit,
1005 3096 1181 3180 fortiorque

252 3233 343 3295 quatu
368 3214 469 3295 fuerat
486 3216 609 3282 evadita
638 3215 718 3280 idem
742 3234 839 3297 vero,
869 3213 923 3279 ubi
944 3216 988 3280 nil
1010 3215 1094 3281 aliud
1116 3216 1179 3299 agit

249 3348 344 3412 atque
375 3332 413 3399 ab
444 3331 529 3397 omni
558 3332 787 3421 planeualienus
813 3328 931 3397 musici
957 3347 1027 3410 est,
1050 3349 1176 3410 nonne,

251 3448 278 3513 si
296 3450 382 3530 quod
398 3446 496 3513 fuerat
515 3449 547 3513 in
570 3451 638 3533 ejus
653 3448 755 3514 animo
769 3448 907 3514 discendi
918 3450 1073 3527 studium,
1096 3447 1127 3512 vi
1145 3449 1177 3514 id

250 3568 308 3631 sui
328 3565 513 3631 destituetur
539 3565 654 3648 fietque
675 3567 800 3631 surdum
823 3584 857 3630 ac
876 3584 1026 3644 coecum,
1057 3563 1175 3648 quippe
1257 3587 1259 3592 ·

249 3700 321 3750 cum
359 3682 473 3748 nullam
504 3682 647 3765 degustet
677 3683 871 3763 disciplinam
905 3697 961 3746 nec
1000 3680 1096 3745 ullius
1132 3680 1175 3744 sit

250 3800 479 3882 disquisitionis
509 3814 563 3864 aut
597 3799 841 3865 ratiocinationis
861 3798 1034 3882 particeps,
1064 3797 1172 3863 hebes·

1103 3930 1174 3981 cant

287 4064 326 4133 (t)
346 4065 386 4116 Il.
405 4063 501 4119 xvii.
519 4081 557 4118 uo.
574 4061 634 4116 588.
