2896 5168
491 519 685 590 ..aun

127 688 305 776 aeptttione
320 686 361 755 ad
379 693 433 758 aad
458 687 539 764 inre
566 684 728 753 muntium
756 683 978 769 potissimam,
1004 701 1051 759 aa·

128 826 190 891 quo
209 823 280 873 aare
304 820 415 887 reapse
442 801 602 882 hominis,
624 800 655 868 si
678 797 822 869 effectum
847 813 1050 886 spectamus,

126 923 166 990 ad
184 919 343 989 veritatem
373 915 624 988 conversionem.
668 914 793 1002 Quodsi
813 934 849 985 se
870 915 933 983 hoc
950 917 1052 989 nomi·

126 1056 167 1106 ne
186 1035 280 1106 nobis
294 1051 360 1100 non
387 1031 582 1098 mediocriter
605 1029 888 1112 commendaverit,
908 1048 974 1103 non
994 1032 1052 1099 mi·

126 1171 189 1220 nus
214 1169 288 1223 sane
316 1149 369 1215 illa
394 1143 598 1230 praestantiae
618 1143 826 1226 utilitatisque
856 1145 974 1229 habet,
996 1149 1052 1223 uhi

127 1272 174 1347 aie
201 1287 262 1334 nos
289 1279 391 1333 mente
410 1263 450 1328 ad
465 1262 610 1343 pulcrum
636 1277 809 1341 unumque
831 1264 1052 1339 couversosia

128 1384 257 1452 mediam
282 1378 388 1445 educit
414 1375 576 1444 hominum
601 1374 801 1458 societatem,
836 1392 873 1443 ut
895 1375 1052 1456 intuentep

128 1498 232 1565 animo
255 1493 418 1560 verissima
445 1492 498 1553 illa
525 1485 590 1552 veri
619 1488 783 1571 exempla,
823 1492 863 1557 ad
885 1491 1052 1577 perfectam

127 1628 237 1680 eorum
269 1604 483 1672 conditionem
520 1617 569 1666 res
595 1614 720 1667 nostras
757 1620 866 1671 omnes
895 1608 1053 1693 vitamque

125 1725 289 1795 hominum
315 1716 546 1785 conformemus
573 1727 670 1781 recte.
721 1713 811 1798 Quae
839 1719 951 1791 iterum
978 1746 1055 1807 pro.

127 1840 247 1929 gressio
267 1834 443 1904 Platonicae
457 1828 676 1915 philosophiae
698 1843 768 1912 est,
791 1851 920 1913 quuma
940 1840 1051 1921 pulcro
1134 1926 1139 1936 ¹

127 1974 159 2025 et
179 1967 255 2023 uero
275 1955 313 2017 ad
322 1951 446 2036 justi
465 1942 716 2028 disquisitionem
735 1949 946 2030 progreditur.
988 1956 1053 2027 Ao·
1118 1965 1121 1971 ·

127 2070 297 2141 cedendum
328 2067 390 2149 jam
421 2061 514 2128 nobis
539 2057 612 2127 illuc
635 2077 704 2143 est,
737 2064 859 2145 eritque
879 2070 948 2134 sita
975 2073 1055 2157 opti-

126 2208 181 2255 ma
208 2186 276 2253 sive
302 2182 395 2247 beata
414 2175 529 2254 nobis,
552 2175 642 2258 cujus
663 2196 884 2259 saepenumero
913 2182 946 2247 in
967 2183 1053 2257 hisce

94 2333 95 2336 ¹
127 2301 314 2370 mentionem
336 2290 522 2378 injecimus,
544 2288 688 2373 princeps
707 2290 886 2361 instantium
906 2295 1054 2379 disquisi-

124 2417 249 2487 tionum
285 2422 513 2492 argumentum.
577 2405 640 2471 Sed
670 2406 733 2471 vira
762 2407 836 2490 illa,
860 2415 961 2493 qualls
983 2415 1051 2497 sit,

129 2554 168 2600 en
189 2535 282 2598 hacce
302 2526 389 2609 jam,
419 2522 452 2587 in
479 2540 569 2604 quarn
597 2521 816 2605 escendimus,
838 2527 1054 2611 philosophiae

128 2647 304 2719 Platonicae
319 2638 417 2706 veluti
436 2641 566 2723 caenia,
589 2639 731 2718 augurari
754 2639 847 2706 nobis
872 2642 955 2708 licet.
991 2645 1056 2713 Pus

128 2783 180 2831 rae
207 2756 463 2836 intaurinataeque
495 2752 632 2819 veritatis
664 2755 926 2836 contemplatione
953 2760 1055 2827 conti·

127 2892 238 2953 netur,
262 2891 353 2953 quam
377 2870 471 2933 rebus
502 2871 733 2935 accommodare
761 2869 902 2936 humanis
931 2874 1056 2947 studea-

129 3011 212 3059 mus.
256 2983 430 3051 Vaticinata
453 2982 484 3046 id
507 2981 600 3045 nobis
616 2983 755 3047 Diotime
773 2999 843 3062 est,
867 3005 963 3064 quum
984 2993 1056 3071 pul·

129 3109 173 3174 cri
202 3098 435 3188 philosophiam
464 3097 694 3161 absolveremus
717 3099 780 3164 (ὓς
819 3116 923 3181 nunc,
966 3119 1055 3186 post.

132 3239 225 3304 quam
265 3213 496 3299 philosophiam
524 3211 589 3276 veri
614 3211 687 3276 item
715 3213 753 3277 ad
787 3213 878 3278 linem
907 3219 1055 3299 perduxi·

131 3355 227 3414 mus,
265 3330 387 3416 plenius
420 3329 509 3393 etiam
545 3326 681 3393 mulieris
715 3328 796 3394 dicta
832 3331 1051 3414 percipiemus.

129 3454 278 3524 entole
309 3454 361 3517 τοῦ
386 3448 477 3527 βίον,
507 3443 573 3523 ait,
589 3442 622 3510 ’ὦ
653 3446 726 3527 φίλε
753 3449 930 3530 Σώκρατες,
972 3456 1054 3541 εἰπέρ

130 3592 187 3636 arou
208 3565 337 3642 ἄλλοθι,
365 3564 472 3643 βιωτὸν
491 3561 649 3643 ἀνθρώπῳ,
681 3562 809 3644 θεωμένῳ
838 3569 912 3634 αὐτὸ
940 3571 974 3636 ad
997 3595 1054 3638 aa.

131 3686 196 3764 plu.
238 3679 325 3756 Hac,
354 3678 425 3754 hic,
453 3678 604 3761 inquam,
632 3676 730 3736 amice
753 3673 917 3759 Socrates,
948 3684 977 3747 sr'
1003 3703 1054 3747 us.

128 3804 214 3889 piam
241 3792 342 3871 alil&
367 3788 530 3856 vivendum
551 3789 667 3853 homini
686 3802 752 3870 est,
785 3792 885 3878 ipsum
903 3800 1056 3883 spectanti

980 3909 1055 3996 pul·

169 4101 210 4174 (ι)
229 4097 265 4154 V.
283 4094 350 4150 Vol.
367 4094 392 4148 1.
408 4110 436 4163 p.
455 4106 514 4160 apr.
