2896 5168
630 514 822 580 -ιιι-
897 500 899 505 ’

261 680 410 745 hnmanae
432 678 638 759 indagatione.
691 678 816 742 Factum
845 692 945 743 autern
978 679 1019 743 ita
1053 694 1123 759 est,
1151 695 1185 745 ut

263 812 376 879 sponte
404 796 475 860 hinc
501 797 585 860 Plato
609 794 774 874 justissimi
796 794 855 859 viri
876 809 970 875 atque
989 794 1185 879 injustissimi

261 913 435 976 interiorem
459 910 552 975 animi
577 911 813 991 conditionem,
839 910 971 994 imagine
991 908 1186 978 informanda

265 1030 453 1106 declararet,
484 1043 577 1108 atque
611 1028 652 1091 ita
683 1029 805 1110 quidem
842 1046 902 1094 nos
935 1030 974 1093 de
1004 1030 1185 1113 gravissima

261 1149 371 1210 caussa
404 1144 532 1209 idoneos
563 1143 682 1226 judices
711 1145 861 1209 redderet.
913 1144 966 1209 Sic
986 1147 1065 1210 eninr
1089 1165 1184 1226 porro

260 1262 342 1342 apud
362 1280 431 1328 eum
455 1262 610 1327 Socrates,
653 1262 756 1339 Est0,
783 1260 903 1342 inquit,
934 1277 1099 1345 postquam
1122 1264 1183 1328 huc

262 1378 450 1461 disputando
472 1378 673 1457 devenimus,
703 1378 871 1458 iteremus,
892 1399 969 1460 quae
991 1399 1008 1444 a
1029 1378 1183 1463 principio

261 1496 341 1560 dicta
364 1509 459 1575 suut,
481 1496 561 1558 unde
578 1495 640 1557 hue
662 1514 769 1560 sumus
792 1495 903 1560 delati:
935 1496 1053 1560 dietum
1080 1511 1183 1563 autem

261 1628 333 1694 est,
354 1613 468 1696 injuste
489 1629 578 1692 agere
596 1610 638 1674 illi
660 1612 829 1693 prodesse,
849 1612 990 1693 quicum
1011 1610 1181 1694 perfectum

257 1731 291 1795 in
312 1729 437 1795 modum
462 1729 597 1812 injustus
620 1728 680 1806 sit,
697 1729 804 1810 justus
822 1744 923 1792 tamen
941 1728 1082 1793 habetur.
1117 1727 1183 1793 Hac

258 1846 354 1928 igitur
380 1847 419 1910 de
447 1864 480 1910 re
508 1859 543 1908 ut
568 1859 651 1908 recte
673 1844 845 1928 judicemus
872 1832 1017 1924 faudem,
1043 1862 1184 1910 sermone

257 1963 409 2046 fingamus
427 1961 519 2026 animi
539 1958 723 2040 imaginem,
748 1975 800 2038 ut,
823 1960 878 2041 qui
895 1961 952 2025 ista
971 1960 1065 2042 dixit,
1083 1960 1182 2043 sciat,

259 2081 335 2162 quid
356 2077 480 2145 dixerit.
491 2110 542 2128 -‡
556 2078 687 2163 Qualem
712 2076 789 2143 dicis
809 2076 1053 2159 imagineml—
1073 2077 1181 2143 Talem

257 2198 417 2277 aliquam,
447 2195 570 2275 qualem
601 2194 720 2275 antiqui
743 2193 947 2258 informarunt
966 2195 1182 2273 Chimaeram,

260 2315 416 2397 Scyllam,
444 2313 642 2392 Cerberum,
669 2312 806 2393 similes,
829 2333 846 2376 e
866 2313 959 2377 variis
979 2311 1089 2378 formis
1107 2330 1183 2377 con·

201 2499 209 2515 ,
258 2430 356 2494 llatae.
398 2429 495 2511 Finge
516 2431 610 2512 igitur
628 2429 759 2513 primum
780 2430 894 2494 bestiae
915 2428 1066 2506 formam,
1083 2429 1185 2496 variae

256 2548 440 2627 admodum,
472 2563 502 2610 et
533 2546 635 2627 capita
664 2546 860 2610 circumcirca
891 2548 987 2612 nrulta
1015 2535 1183 2626 habentis,

256 2666 365 2746 partim
394 2677 649 2740 mansuetorum,
671 2663 780 2743 partim
799 2663 963 2742 agrestium
981 2659 1183 2742 animalium,

177 2800 180 2808 ’
257 2800 336 2860 quae
358 2781 424 2861 ipsa
444 2797 552 2861 perse
572 2778 717 2858 producit
737 2793 833 2860 atque
853 2776 919 2841 alit.
954 2777 1037 2842 Huic
1056 2775 1183 2861 adjungi

256 2895 400 2977 deinceps
427 2913 497 2959 curn
524 2894 645 2973 leonis,
675 2909 741 2959 tum
768 2893 856 2957 etiam
881 2892 1016 2957 huminis
1036 2890 1178 2957 formam.

259 3007 380 3076 Tribus
412 3026 513 3076 autem
546 3008 615 3074 istis
645 3010 835 3075 extrinsecus
864 3011 1023 3074 humanam
1053 2999 1179 3091 liguram

256 3125 424 3193 circumda.
466 3126 532 3210 Jam
553 3146 628 3191 vero
650 3125 718 3205 illi,
738 3126 791 3206 qui
808 3126 941 3206 asserit,
959 3127 1108 3208 prodesse
1125 3128 1182 3191 ho·

256 3241 332 3306 mini
351 3237 465 3328 injuste
486 3258 595 3323 agere,
612 3244 697 3328 J'nste
716 3262 789 3339 vero
809 3240 913 3306 vivere
930 3261 993 3307 non
1012 3245 1179 3325 prodesse,

256 3358 409 3441 dicamus,
452 3379 521 3424 eum
552 3359 629 3424 nilril
661 3359 744 3424 aliud
778 3379 935 3442 asserere,
967 3363 985 3440 ti
1015 3373 1183 3432 λυσιτελεῖν

258 3479 359 3555 αὐτῷ,
393 3479 427 3545 ιδ
452 3480 641 3575 manselaria
662 3480 751 3559 lapion
770 3484 952 3560 εὐωχοῦντι,
984 3490 1075 3546 ποιεῖν
1093 3484 1181 3561 ῖσχιι·

259 3597 305 3673 ρον
335 3592 386 3660 atel
414 3598 464 3661 τὸν
492 3596 611 3661 λέοντα·
644 3599 693 3662 τὸν
715 3597 745 3662 δὲ
765 3595 911 3677 ἄνθρωπον
930 3608 1111 3676 λιμοκτονεῖν
1129 3603 1180 3665 aral
1265 3683 1268 3686 .

260 3718 352 3774 ποιεῖν
373 3710 497 3784 ἀσθενῆ,
522 3709 578 3777 eise
602 3704 739 3776 inresoluta
763 3700 819 3786 i'rrn
847 3712 884 3778 ria
909 3712 1022 3778 ἐκεῖνον
1046 3712 1182 3794 ladrum

256 3822 339 3900 ὄνοι·
362 3824 423 3886 alsi
439 3819 579 3905 prodesse
599 3823 671 3903 illi,
695 3840 750 3902 ιιι,
776 3826 902 3890 bestiam
923 3825 1013 3889 illurn
1035 3831 1070 3890 in
1089 3843 1180 3908 semer
1250 3874 1251 3879 ι

212 3955 216 3961 ·
252 3941 316 4024 ipso
338 3937 536 4023 multiplicem
557 3955 700 4024 pascens,
725 3954 754 4003 et
771 3944 869 4026 ipram
892 3956 921 4005 er
942 3941 1052 4006 leonem
1074 3942 1180 4007 robus·
1273 3984 1278 3992 ·

254 4057 361 4117 tiaram
394 4035 523 4141 efficiar,-
563 4058 711 4121 lronrr'ncrrr
744 4076 814 4120 rere
837 4057 930 4140 same
958 4062 1066 4146 perire
1094 4062 1179 4124 sinae

1129 4194 1179 4240 at·
