2896 5168
538 465 746 553 *sa-r

170 629 358 696 esse'nobis
385 647 570 711 censemus,
584 645 629 695 ‘ut
656 649 812 696 summum
836 629 914 695 illud
930 628 962 694 in
980 620 1095 698 mundo

169 751 282 832 νοστῶ,
303 746 368 812 tesi
394 747 455 829 ipsi
481 760 678 829 teneremus,
707 746 838 813 interius
865 746 981 826 etiam,
1004 734 1096 828 quarn

144 862 272 928 uoluit
299 862 412 940 Plato,
433 861 589 942 inquirere
610 882 771 931 conemur.
814 864 888 947 lpse
918 863 1038 928 scilicet
1058 863 1097 930 de

167 999 233 1060 eo,
264 997 330 1060 quo
355 976 459 1041 nobis
486 978 807 1061 majusdIviniusque
836 992 1013 1063 appareret,
1052 993 1098 1044 ta·

170 1112 261 1174 cere,
284 1111 376 1175 quam
392 1093 626 1176 parumdicere
643 1094 762 1161 maluit.
1087 1172 1091 1179 ι

212 1210 333 1276 Tantae
370 1228 454 1275 non.
471 1224 545 1275 sunt
573 1209 719 1293 profecto
752 1211 975 1294 sublimitatis,
1018 1229 1099 1292 quae

170 1340 244 1407 post
272 1325 432 1391 Platonem
456 1323 662 1408 philosophi,
684 1326 840 1393 Socratica
859 1328 911 1394 illa
937 1341 967 1392 et
993 1328 1098 1395 Plato·

167 1438 238 1507 nica
267 1440 450 1523 persecuti,
489 1440 528 1507 de
564 1463 680 1507 summo
713 1443 811 1524 bona,
843 1445 933 1526 siue,
966 1459 1002 1511 ut
1038 1464 1097 1511 vo·

168 1556 302 1639 cabant,
333 1555 372 1623 όσ
396 1555 510 1644 finibus
532 1558 679 1623 botrorum
706 1575 738 1627 ct
766 1562 919 1628 titulorum
950 1562 1097 1645 prodide-

166 1688 253 1741 runt.
296 1674 442 1761 Quorum
471 1675 640 1741 sententias
664 1675 778 1742 Cicero
810 1678 974 1760 diligenter
1001 1678 1098 1746 diser·

167 1807 285 1875 teque,
316 1810 374 1856 nec
405 1793 507 1858 tame'n
532 1790 709 1858 Platonicae
737 1792 830 1876 hujus
852 1793 1096 1875 disputationis,
1123 1864 1127 1879 ⁸

14 1913 17 1919 ⁴
66 1973 68 1979 ,
169 1920 206 1970 ut
235 1905 377 1987 videtur,
400 1924 518 1972 memor
537 1906 695 1988 exposuit.
739 1908 820 1973 Nam
849 1907 930 1974 idem
958 1907 1097 1976 inhisce

168 2022 353 2103 Platonem,
396 2023 483 2104 quod
518 2023 643 2089 Stoicos
679 2038 710 2088 et
747 2024 924 2107 Epicureos
961 2039 1096 2110 postea,

169 2152 353 2223 spectasse,
382 2139 490 2205 iisdem
514 2138 576 2203 illis
604 2140 742 2205 Socratis
775 2142 857 2224 apud
878 2161 949 2208 erun
979 2161 1099 2208 sermo·

168 2247 256 2322 r'ibus
282 2268 380 2338 patet.
437 2255 508 2318 Hoc
536 2269 658 2330 aurern,
692 2256 826 2336 inquit,
856 2257 973 2322 novisti
1004 2274 1096 2338 sune,

170 2370 353 2458 vulgaribus
385 2369 565 2436 hominibus
583 2369 700 2434 -bonnm
730 2375 896 2450 ηδρνην,
928 2372 1097 2455 elegantio-

169 2488 256 2554 ribus
275 2490 460 2572 φρόνησιν
484 2485 581 2551 videri
605 2503 688 2551 esse.
710 2521 756 2538 ·-
777 2486 923 2573 Quidni?
944 2526 988 2541 -
1009 2488 1097 2554 Τιιιιι

168 2604 261 2673 etiam
285 2605 401 2680 hosce,
434 2601 489 2685 qui
516 2600 561 2666 sic
586 2599 764 2693 existimant
790 2601 830 2667 de
853 2619 913 2682 eo,
944 2603 1097 2670 declarare

167 2739 232 2789 non
260 2739 378 2804 posse,
420 2717 567 2802 quaesit
596 2721 757 2802 φρόνησις,
801 2719 857 2784 sed
877 2718 948 2804 cogi
972 2702 1095 2787 tandein

167 2837 282 2921 fateri,
313 2845 365 2908 σοῦ
393 2841 510 2918 alraldi
535 2839 672 2921 φρόνησιν
694 2853 775 2901 esse.
798 2870 844 2886 -
874 2836 919 2901 Et
945 2855 1094 2919 perquam

60 2994 63 3003 ·
167 2973 244 3022 sane
270 2952 409 3020 ridicule.
426 2987 477 3044 ·-
497 2949 614 3036 Quidni
637 2968 712 3016 vero
739 2950 894 3016 ridicule?
928 2971 1025 3033 quum
1048 2952 1098 3018 vi·

169 3083 346 3156 tuperantes
374 3085 453 3148 nos,
475 3065 566 3148 quod
589 3068 768 3148 ignoremus
799 3066 933 3147 bonum,
955 3069 995 3133 de
1022 3069 1097 3135 όννιν
1198 3096 1203 3104 ·

169 3207 279 3255 rursus
308 3184 496 3265 nobiscum,
536 3195 689 3261 tamquam
721 3179 967 3264 intelligentibus
992 3181 1094 3262 illud,

166 3304 364 3389 loquantur?
385 3303 487 3388 Aiunt
504 3297 584 3366 enim
596 3296 705 3362 όσνιννι
721 3315 792 3363 esse
803 3300 941 3383 φρόνησιν
958 3302 1093 3380 naalol:
1204 3356 1209 3364 .
1233 3308 1238 3322 ¹

170 3423 259 3505 quasi
284 3419 490 3499 noverimus,
510 3414 585 3499 quid
608 3413 669 3497 lpsi
691 3414 792 3479 dicant
812 3433 883 3481 cum
905 3423 957 3486 σοῦ
977 3421 1094 3496 naalon

95 3508 100 3516 ¹
169 3555 284 3603 nornen
312 3528 531 3620 pronuncidnt.
562 3571 608 3585 -
642 3531 725 3597 Vera
760 3532 911 3614 loqueris.
934 3567 981 3584 -
1010 3531 1097 3617 Quid

170 3653 276 3723 vero?
308 3651 363 3734 qui
389 3649 498 3716 honum
525 3655 623 3729 ηδσνην
644 3665 714 3713 esse
734 3645 909 3728 definiunt,
943 3648 1097 3730 numquid

169 3771 297 3852 minus,
331 3786 423 3852 quarn
448 3764 517 3846 illi,
546 3764 675 3831 errant?
706 3780 812 3828 nonne
833 3763 916 3828 ethi
940 3778 1098 3848 cogunnrr

143 3858 279 3971 mitten,
309 3885 481 3972 uoluptates
509 3898 580 3947 esse
610 3879 732 3973 malas?
753 3915 797 3931 -·
819 3875 989 3962 Coguntur
1008 3899 1098 3962 pror·

169 4025 236 4074 sus.
270 3999 459 4070 -Evenit
490 3999 553 4082 iis,
576 3997 690 4078 credo,
714 4011 750 4067 ut
780 3996 938 4089 cademtet
967 3995 1049 4063 bona
1068 4009 1099 4060 et

1034 4127 1096 4173 ma·
