2896 5168
637 457 791 520 ...⁶-

250 651 327 713 quae
350 633 509 713 attulerit,
531 651 602 699 vera
623 634 687 701 sint
717 633 811 699 simul
834 647 865 698 et
890 633 1074 699 mortalibus
1098 636 1182 699 salu·

251 749 336 815 tatia.
380 751 463 830 Sed,
485 751 558 815 dum
579 748 696 816 frustra
717 763 932 832 exspectamus
949 750 1039 816 talem
1061 751 1183 816 scilicet

250 866 499 950 philosophum,
522 866 618 931 nolim
648 867 699 931 vel
725 868 826 951 jurare
856 866 889 930 in
919 866 1012 932 unius
1041 866 1186 950 philoso-

253 985 307 1066 phi
330 985 443 1064 verba‚
464 986 535 1062 vel,
560 983 703 1064 eligendo
724 1003 741 1048 e
762 983 915 1066 singulis,
938 983 1101 1064 universa,
1123 984 1184 1050 sic·

256 1102 301 1165 nti
329 1100 387 1179 fit,
410 1099 624 1167 commiscere.
677 1101 910 1167 Commiserunt
935 1101 968 1166 ld
998 1100 1083 1166 omni
1106 1118 1184 1168 aevo

254 1215 412 1295 eclectio,
440 1215 494 1297 qui
524 1214 652 1282 fuerunt
674 1216 740 1282 fere
763 1216 854 1283 iidem
881 1217 1088 1300 appellatique
1110 1233 1185 1284 sunt

253 1336 482 1413 *symretirticir
525 1351 627 1414 eoque
654 1333 733 1397 nihil
758 1353 904 1415 umquam
928 1333 968 1399 ad
993 1330 1190 1399 confunden-

258 1450 326 1513 dum
355 1448 641 1532 obscurandamque
673 1450 904 1534 philosophiam
931 1449 1045 1516 evaluit
1076 1451 1187 1532 magis.

260 1566 407 1648 Persequi
424 1567 526 1632 malim
547 1581 577 1631 et
600 1567 769 1650 perlicere,
792 1567 943 1649 quidquid
965 1584 1068 1650 patres
1087 1566 1190 1632 nostri

260 1683 299 1746 ad
327 1702 429 1748 veram
455 1685 683 1766 provehendam
712 1684 931 1768 philosophiae
955 1686 1116 1751 utilitatem
1144 1684 1192 1749 iu·

260 1802 430 1883 rhoetum,
453 1802 529 1868 illud
544 1822 619 1868 vero
641 1822 729 1886 agere
748 1803 973 1884 potissimum,
996 1806 1081 1883 quod
1099 1800 1194 1868 nobis

262 1920 476 1982 commendare
504 1918 593 1983 etiam
617 1933 710 2000 atque
732 1920 822 1987 etiam
851 1916 1014 1996 solebant,
1037 1932 1073 1982 ut
1097 1918 1193 1984 nullis

265 2048 329 2096 uon
357 2032 469 2096 studiis
495 2033 614 2099 uostris
638 2039 790 2117 criticae,
813 2051 968 2116 tamquam
995 2032 1060 2098 veri
1082 2032 1197 2099 obrus-

267 2167 339 2228 sae‚
374 2149 572 2216 adhibeamus
602 2152 804 2236 diligentiam.
870 2151 921 2218 Sic
951 2151 1097 2234 demum,
1130 2171 1195 2234 quo

269 2266 364 2347 magis
389 2265 537 2347 prodesse
560 2267 812 2349 philosophando
838 2267 941 2352 generi
962 2268 1096 2333 humano
1123 2284 1198 2349 pos·

269 2381 385 2461 simus,
431 2384 581 2464 proficere
610 2403 648 2449 ex
678 2399 850 2466 temporum
890 2383 1037 2449 memorii
1065 2396 1097 2449 et
1129 2400 1197 2448 esse

269 2516 344 2562 vero
364 2499 490 2564 nomine
516 2500 649 2565 eclectio}
676 2498 861 2581 poterimus.
926 2500 961 2565 ld
984 2518 1073 2582 agere
1092 2517 1199 2582 perse-

270 2628 376 2677 verant
405 2613 561 2693 hodieque
595 2612 653 2676 rari
685 2612 749 2692 illi,
791 2631 872 2692 quos
909 2611 1101 2694 significavi,
1143 2616 1198 2680 sed

270 2731 406 2810 germani
444 2727 647 2811 philosophi,
695 2746 776 2808 quos
813 2727 845 2791 in
887 2727 994 2809 primis
1027 2727 1196 2795 audiendos

271 2864 402 2927 putem,
433 2860 592 2928 aguntque
620 2843 782 2909 inaximam
816 2858 932 2927 partem
959 2844 1095 2926 eruditi,
1123 2844 1199 2927 qui,

273 2962 418 3040 quamuis¹
441 2962 522 3028 lraud
551 2963 745 3042 appellentur
770 2960 973 3044 philosophi,
1010 2961 1201 3045 philosophd

273 3077 391 3141 ratione
419 3077 521 3143 literas
549 3094 579 3143 et
607 3097 692 3143 suam
725 3080 843 3161 quique
870 3078 1039 3145 doctrinam
1069 3096 1201 3146 tractant

274 3194 494 3274 excoluntque.
564 3195 686 3278 Quodsi
712 3196 792 3262 viam
820 3215 1021 3277 normamque
1049 3196 1203 3261 desidera·

275 3327 367 3389 rous,
400 3328 480 3391 qua,
512 3311 544 3375 in
571 3312 789 3396 philosophiae
814 3315 941 3393 studio,
984 3315 1023 3379 ad
1046 3329 1129 3379 nova
1156 3307 1204 3377 in·

276 3425 448 3506 venienda,
477 3446 555 3509 quae
587 3444 728 3509 expetere
754 3429 949 3495 vehementer
979 3430 1121 3497 homines
1152 3449 1206 3497 so·

277 3543 357 3621 lent,
389 3545 590 3624 procedamus
618 3559 722 3624 tecte,
753 3542 785 3609 id
811 3547 952 3613 suadeam
980 3547 1203 3630 philosophis,

277 3660 361 3736 quod
383 3662 595 3727 eommmdarc
619 3681 668 3726 me
687 3662 719 3726 in
740 3663 953 3743 superioribus
977 3662 1124 3744 memini,
1147 3681 1204 3745 ut,

278 3775 456 3858 prinsquam
497 3798 618 3847 uranum
657 3779 743 3860 operi
780 3782 986 3857 admoveant,
1020 3778 1213 3846 erudiendos·

277 3909 344 3956 sese
383 3895 460 3976 ipsis
510 3895 726 3978 philosophiae
767 3892 969 3977 parentibus,
1014 3895 1134 3960 Socmti
1177 3911 1209 3960 et

278 4008 416 4091 tunam,
445 4013 585 4082 tradant:
632 4031 696 4099 quo
722 4011 844 4078 facilius
866 4009 1064 4097 certiusque,
1088 4011 1119 4077 in
1148 4014 1210 4080 hac·
1274 4031 1279 4039 '

1149 4149 1208 4197 sct-
