2896 5168
647 468 847 535 ..qs-

275 653 442 721 corporum
465 634 617 702 habitus?
640 653 746 701 nonne
771 635 837 698 otio
859 650 890 700 et
912 648 1042 717 torpore
1065 634 1205 706 corium·

272 754 379 836 pitur‚
401 752 623 821 exercitatione
653 771 729 818 vcro
760 764 913 834 motuque
936 752 1103 836 plurimum
1129 772 1205 822 con·

273 871 443 938 servaturi
465 906 512 923 —
533 871 641 939 Certe
662 900 708 920 ·-
728 869 835 936 Animi
852 888 982 954 quoque
999 869 1125 936 habitus
1139 869 1205 938 dis·

271 987 387 1071 ciplind
415 1001 447 1053 et
466 985 686 1067 meditatione,
721 1005 802 1067 quae
823 1001 928 1054 motus
961 1002 1059 1069 sunt,
1088 987 1204 1057 doctri-

270 1121 327 1178 nas
353 1103 584 1185 consequitur,
607 1116 812 1183 servaturque
829 1116 861 1168 et
885 1101 1072 1186 perficitur3
1096 1102 1202 1185 quiete

269 1237 371 1298 vero,
403 1219 531 1299 idest,
557 1218 746 1302 negligenrid
764 1234 806 1286 et
837 1219 989 1305 pigritia,
1019 1237 1077 1286 nec
1106 1218 1201 1286 discit

269 1317 462 1416 quidquam,
494 1349 527 1400 et
564 1335 592 1400 si
631 1335 709 1417 quid
738 1333 871 1418 didicit,
904 1334 1129 1404 obliviscimt?
1151 1365 1201 1387 -

267 1450 312 1515 Et
334 1450 467 1517 maxime
488 1449 625 1532 quidem.
647 1451 837 1518 -Bonum
865 1451 963 1537 igitur
983 1467 1044 1521 tam
1070 1454 1104 1520 in
1133 1448 1201 1521 ani·

267 1585 319 1633 mo
349 1586 443 1648 quam
464 1567 651 1650 incorpore
669 1582 775 1634 morus
796 1583 866 1649 est,
888 1571 1002 1637 malum
1024 1587 1101 1638 vero
1121 1587 1200 1638 con·

265 1683 418 1776 trarium‘i
441 1716 485 1734 -·
505 1682 653 1749 Videtur.
672 1719 719 1736 -
739 1686 898 1752 Praeterea
915 1687 947 1751 in
965 1688 1027 1769 iis,
1050 1705 1131 1770 quae
1148 1705 1198 1754 se·

266 1798 413 1864 renitates
440 1798 522 1865 coeli
559 1799 863 1882 tranquillitatesque
894 1816 1049 1868 vocantur
1087 1804 1197 1869 ethis

266 1929 342 1980 sunt
374 1915 508 1996 similia,
543 1915 575 1982 id
599 1936 732 1994 assero,
765 1918 903 1999 quietern
935 1935 983 1984 res
1003 1916 1199 2002 putrefacere

265 2027 299 2094 a'c
329 2032 482 2113 perdere,
506 2051 624 2107 motum
649 2052 725 2100 vero
752 2054 960 2103 conservaret
983 2052 1016 2103 et
1043 2055 1121 2103 vero
1141 2053 1196 2102 co·

264 2149 434 2230 lophonem
473 2148 523 2214 his
552 2150 668 2215 addens
700 2151 863 2230 evincam,
897 2170 1019 2217 auream
1054 2166 1194 2219 catenam

263 2264 342 2329 nihil
367 2264 452 2330 aliud
473 2283 566 2345 quam
594 2265 693 2328 solem
717 2263 777 2328 dici
796 2265 834 2328 ab
859 2265 1001 2329 Homero
1021 2264 1066 2326 (¹)
1085 2283 1121 2330 tc
1141 2267 1197 2332 de·

263 2380 392 2462 clarari,
409 2372 592 2463 ‘quousque
614 2379 868 2446 circumvertitur
896 2398 968 2445 cum
999 2381 1089 2447 coelo
1118 2382 1194 2463 sol,

261 2515 332 2564 esse
359 2495 463 2563 omnia
498 2511 531 2563 et
565 2497 681 2563 servari
717 2497 800 2580 apud
836 2497 924 2563 Deos
962 2496 1193 2580 hominesque3

260 2617 428 2685 sinautem
455 2614 638 2682 universum
662 2613 752 2696 quasi
772 2612 900 2698 ligatum
920 2626 1035 2696 staret,
1058 2631 1106 2680 res
1126 2633 1196 2683 om·

259 2753 315 2801 nes
345 2745 530 2816 corruptum
562 2733 599 2799 iri
625 2745 895 2812 eventorumque,
936 2729 1024 2813 qnod
1050 2730 1191 2814 dicitur,

254 2870 387 2920 ⁴sursum
426 2851 639 2932 deorsumque
667 2863 791 2916 cuncta.
824 2881 873 2900 -
904 2845 987 2913 Mihi
1018 2864 1096 2914 vero
1116 2847 1191 2918 item

258 2973 428 3046 videntur,
450 2987 470 3030 0
500 2966 668 3041 Socrates,
689 2983 768 3045 quae
793 2964 872 3029 dicis
901 2963 960 3028 his.
974 2963 1190 3041 declaratio).

302 3085 431 3152 Distant
457 3099 532 3148 sane
554 3095 648 3158 toto,
672 3081 758 3161 quod
785 3082 901 3164 ajunt,
920 3082 1010 3146 coelo
1028 3082 1105 3149 haee
1125 3087 1194 3167 pla·

258 3205 320 3271 citt
349 3221 367 3268 a
390 3196 596 3285 philosophia
620 3194 772 3262 Platonis.
816 3195 1068 3280 Deprehendisse
1095 3200 1189 3270 nobis

252 3322 379 3401 modo,
420 3317 506 3399 quod
538 3328 657 3381 certum
697 3327 728 3378 et
752 3312 944 3380 immutabile
982 3329 1090 3396 esset,
1127 3317 1190 3386 visi
1240 3334 1242 3338 ‘

257 3456 392 3518 sumus3
415 3454 499 3501 nunc
514 3449 623 3499 contra
646 3431 725 3497 nihil
744 3447 814 3497 esse
832 3444 975 3511 certum,
997 3430 1101 3497 omnia
1117 3452 1189 3501 tnu-
1290 3519 1294 3529 Ι

256 3557 314 3622 tari
339 3569 436 3635 atque
467 3553 680 3634 inperpetua
702 3567 772 3615 esse
802 3547 1008 3614 fluctuatione
1034 3547 1186 3619 dicamus.

249 3672 322 3740 -sed
344 3668 507 3737 veritatem
529 3666 705 3748 quaerimus
733 3664 847 3744 unice,
871 3683 952 3747 quae
974 3665 1092 3740 etiarnsi
1115 3668 1188 3735 n'ul·

247 3796 287 3861 la
309 3791 377 3872 sit,
398 3785 454 3852 sed
474 3801 544 3852 esse
565 3783 715 3850 duntaxat
735 3781 907 3865 videatur,
927 3783 959 3849 id
986 3783 1090 3867 ipsum
1107 3786 1191 3853 exis<

1110 3956 1114 3963 .
1151 3901 1193 3971 tl·

289 4044 334 4120 (ι)
352 4043 443 4100 stiae.
460 4037 544 4114 &¹170
595 4040 674 4113 .(n).
692 4037 893 4116 fluctuantia·
911 4036 950 4095 D.
958 4062 1006 4096 .-
1022 4038 1090 4102 156,
1100 4037 1140 4093 D.

717 4138 749 4210 Κ
