<?xml version="1.0" encoding="UTF-8"?>
<!DOCTYPE html PUBLIC "-//W3C//DTD XHTML 1.0 Transitional//EN"
    "http://www.w3.org/TR/xhtml1/DTD/xhtml1-transitional.dtd">
<html xmlns="http://www.w3.org/1999/xhtml" xml:lang="en" lang="en">
 <head>
  <title>
</title>
<meta http-equiv="Content-Type" content="text/html;charset=utf-8" />
  <meta name='ocr-system' content='tesseract 3.04.00' />
  <meta name='ocr-capabilities' content='ocr_page ocr_carea ocr_par ocr_line ocrx_word'/>
</head>
<body>
  <div class='ocr_page' id='page_1' title='image "./initiaphilosoph04heusgoog_0284.png"; bbox 0 0 2896 5168; ppageno 0'>
   <div class='ocr_carea' id='block_1_1' title="bbox 650 461 799 520">
    <p class='ocr_par' dir='ltr' id='par_1_1' title="bbox 650 461 799 520">
     <span class='ocr_line' id='line_1_1' title="bbox 650 461 799 520; baseline 0 -34"><span class='ocrx_word' id='word_1_1' title='bbox 650 461 799 520; x_wconf 75' lang='lat'>..4..</span> 
     </span>
    </p>
   </div>
   <div class='ocr_carea' id='block_1_2' title="bbox 184 620 1278 3038">
    <p class='ocr_par' dir='ltr' id='par_1_2' title="bbox 199 620 1278 2802">
     <span class='ocr_line' id='line_1_2' title="bbox 259 620 1185 711; baseline 0.001 -23"><span class='ocrx_word' id='word_1_2' title='bbox 259 623 294 688; x_wconf 90' lang='lat' dir='ltr'>in</span> <span class='ocrx_word' id='word_1_3' title='bbox 325 620 376 693; x_wconf 87' lang='lat' dir='ltr'>iris</span> <span class='ocrx_word' id='word_1_4' title='bbox 396 621 529 703; x_wconf 79' lang='lat' dir='ltr'>singuiis</span> <span class='ocrx_word' id='word_1_5' title='bbox 558 620 735 711; x_wconf 74' lang='lat' dir='ltr'>attendebat</span> <span class='ocrx_word' id='word_1_6' title='bbox 761 622 911 703; x_wconf 81' lang='lat' dir='ltr'>mexime3</span> <span class='ocrx_word' id='word_1_7' title='bbox 929 621 1000 684; x_wconf 19' lang='lat' dir='ltr'>*sed</span> <span class='ocrx_word' id='word_1_8' title='bbox 1026 622 1085 686; x_wconf 87' lang='lat' dir='ltr'>hoc</span> <span class='ocrx_word' id='word_1_9' title='bbox 1111 622 1185 690; x_wconf 89' lang='lat' dir='ltr'>item</span> 
     </span>
     <span class='ocr_line' id='line_1_3' title="bbox 252 736 1191 821; baseline 0.001 -16"><span class='ocrx_word' id='word_1_10' title='bbox 252 738 503 805; x_wconf 75' lang='lat' dir='ltr'>animadvertere</span> <span class='ocrx_word' id='word_1_11' title='bbox 531 736 563 801; x_wconf 87' lang='lat' dir='ltr'>in</span> <span class='ocrx_word' id='word_1_12' title='bbox 585 737 652 821; x_wconf 86' lang='lat' dir='ltr'>ejus</span> <span class='ocrx_word' id='word_1_13' title='bbox 682 736 884 820; x_wconf 68' lang='lat' dir='ltr'>philosophia</span> <span class='ocrx_word' id='word_1_14' title='bbox 913 737 1025 819; x_wconf 88' lang='lat' dir='ltr'>licuit,</span> <span class='ocrx_word' id='word_1_15' title='bbox 1049 739 1191 820; x_wconf 86' lang='lat' dir='ltr'>quoties·</span> 
     </span>
     <span class='ocr_line' id='line_1_4' title="bbox 256 852 1189 940; baseline 0.006 -19"><span class='ocrx_word' id='word_1_16' title='bbox 256 864 387 936; x_wconf 79' lang='lat' dir='ltr'>cunque</span> <span class='ocrx_word' id='word_1_17' title='bbox 414 853 454 918; x_wconf 90' lang='lat' dir='ltr'>de</span> <span class='ocrx_word' id='word_1_18' title='bbox 480 852 630 933; x_wconf 85' lang='lat' dir='ltr'>veritate,</span> <span class='ocrx_word' id='word_1_19' title='bbox 661 854 701 920; x_wconf 88' lang='lat' dir='ltr'>de</span> <span class='ocrx_word' id='word_1_20' title='bbox 726 853 765 918; x_wconf 87' lang='lat' dir='ltr'>iis</span> <span class='ocrx_word' id='word_1_21' title='bbox 795 872 875 936; x_wconf 81' lang='lat' dir='ltr'>quse</span> <span class='ocrx_word' id='word_1_22' title='bbox 907 870 1005 934; x_wconf 86' lang='lat' dir='ltr'>sunt,</span> <span class='ocrx_word' id='word_1_23' title='bbox 1036 861 1102 940; x_wconf 68' lang='lat' dir='ltr'>cepi</span> <span class='ocrx_word' id='word_1_24' title='bbox 1132 867 1189 926; x_wconf 74' lang='grc' dir='ltr'>τῶν</span> 
     </span>
     <span class='ocr_line' id='line_1_5' title="bbox 258 964 1189 1060; baseline 0.001 -24"><span class='ocrx_word' id='word_1_25' title='bbox 258 964 346 1042; x_wconf 56' lang='grc' dir='ltr'>’ὄντων</span> <span class='ocrx_word' id='word_1_26' title='bbox 367 982 493 1054; x_wconf 79' lang='lat' dir='ltr'>ageret,</span> <span class='ocrx_word' id='word_1_27' title='bbox 519 966 619 1036; x_wconf 85' lang='lat' dir='ltr'>toties</span> <span class='ocrx_word' id='word_1_28' title='bbox 640 988 712 1038; x_wconf 87' lang='lat' dir='ltr'>eum</span> <span class='ocrx_word' id='word_1_29' title='bbox 741 969 872 1036; x_wconf 81' lang='lat' dir='ltr'>maxime</span> <span class='ocrx_word' id='word_1_30' title='bbox 897 972 970 1037; x_wconf 91' lang='lat' dir='ltr'>haec</span> <span class='ocrx_word' id='word_1_31' title='bbox 998 972 1087 1055; x_wconf 85' lang='lat' dir='ltr'>ipsa,</span> <span class='ocrx_word' id='word_1_32' title='bbox 1118 974 1189 1060; x_wconf 76' lang='lat' dir='ltr'>pul·</span> 
     </span>
     <span class='ocr_line' id='line_1_6' title="bbox 256 1076 1187 1175; baseline 0.001 -20"><span class='ocrx_word' id='word_1_33' title='bbox 256 1095 371 1168; x_wconf 66' lang='lat' dir='ltr'>irum,</span> <span class='ocrx_word' id='word_1_34' title='bbox 400 1088 533 1169; x_wconf 80' lang='lat' dir='ltr'>bonam,</span> <span class='ocrx_word' id='word_1_35' title='bbox 550 1076 705 1173; x_wconf 51' lang='lat' dir='ltr'>&#39;justum</span> <span class='ocrx_word' id='word_1_36' title='bbox 737 1088 937 1175; x_wconf 65' lang='lat' dir='ltr'>sanctumque</span> <span class='ocrx_word' id='word_1_37' title='bbox 976 1107 1187 1156; x_wconf 80' lang='lat' dir='ltr'>memorasses</span> 
     </span>
     <span class='ocr_line' id='line_1_7' title="bbox 258 1196 1189 1285; baseline 0 -15"><span class='ocrx_word' id='word_1_38' title='bbox 258 1205 345 1270; x_wconf 81' lang='lat' dir='ltr'>unde</span> <span class='ocrx_word' id='word_1_39' title='bbox 365 1196 538 1285; x_wconf 83' lang='lat' dir='ltr'>efficimus,</span> <span class='ocrx_word' id='word_1_40' title='bbox 572 1204 638 1270; x_wconf 86' lang='lat' dir='ltr'>veri</span> <span class='ocrx_word' id='word_1_41' title='bbox 657 1202 822 1269; x_wconf 82' lang='lat' dir='ltr'>scientiam</span> <span class='ocrx_word' id='word_1_42' title='bbox 844 1203 928 1285; x_wconf 90' lang='lat' dir='ltr'>apud</span> <span class='ocrx_word' id='word_1_43' title='bbox 955 1223 1025 1269; x_wconf 90' lang='lat' dir='ltr'>eum</span> <span class='ocrx_word' id='word_1_44' title='bbox 1055 1207 1094 1271; x_wconf 84' lang='lat' dir='ltr'>ud</span> <span class='ocrx_word' id='word_1_45' title='bbox 1121 1220 1189 1270; x_wconf 91' lang='lat' dir='ltr'>stu·</span> 
     </span>
     <span class='ocr_line' id='line_1_8' title="bbox 257 1316 1186 1403; baseline 0.001 -16"><span class='ocrx_word' id='word_1_46' title='bbox 257 1321 312 1388; x_wconf 85' lang='lat' dir='ltr'>&#39;dia</span> <span class='ocrx_word' id='word_1_47' title='bbox 343 1328 452 1388; x_wconf 72' lang='lat' dir='ltr'>nostri</span> <span class='ocrx_word' id='word_1_48' title='bbox 481 1321 618 1387; x_wconf 77' lang='lat' dir='ltr'>moralia</span> <span class='ocrx_word' id='word_1_49' title='bbox 652 1319 840 1402; x_wconf 76' lang='lat' dir='ltr'>exploranda</span> <span class='ocrx_word' id='word_1_50' title='bbox 885 1316 994 1386; x_wconf 86' lang='lat' dir='ltr'>referri</span> <span class='ocrx_word' id='word_1_51' title='bbox 1032 1320 1186 1403; x_wconf 85' lang='lat' dir='ltr'><strong>inprimis.</strong></span> 
     </span>
     <span class='ocr_line' id='line_1_9' title="bbox 255 1436 1187 1525; baseline 0 -21"><span class='ocrx_word' id='word_1_52' title='bbox 255 1438 372 1525; x_wconf 71' lang='lat' dir='ltr'>Quid?</span> <span class='ocrx_word' id='word_1_53' title='bbox 416 1437 502 1521; x_wconf 88' lang='lat' dir='ltr'>quod</span> <span class='ocrx_word' id='word_1_54' title='bbox 537 1436 655 1501; x_wconf 88' lang='lat' dir='ltr'>homini</span> <span class='ocrx_word' id='word_1_55' title='bbox 690 1436 865 1520; x_wconf 86' lang='lat' dir='ltr'>praecepit,</span> <span class='ocrx_word' id='word_1_56' title='bbox 910 1437 1019 1520; x_wconf 8' lang='lat' dir='ltr'>utyad</span> <span class='ocrx_word' id='word_1_57' title='bbox 1054 1438 1187 1504; x_wconf 76' lang='lat' dir='ltr'>divinam</span> 
     </span>
     <span class='ocr_line' id='line_1_10' title="bbox 258 1551 1189 1637; baseline 0 -17"><span class='ocrx_word' id='word_1_58' title='bbox 258 1553 463 1621; x_wconf 73' lang='lat' dir='ltr'>contenderet</span> <span class='ocrx_word' id='word_1_59' title='bbox 495 1551 744 1637; x_wconf 80' lang='lat' dir='ltr'>perfectionem,</span> <span class='ocrx_word' id='word_1_60' title='bbox 777 1568 829 1633; x_wconf 89' lang='lat' dir='ltr'>et,</span> <span class='ocrx_word' id='word_1_61' title='bbox 859 1555 1026 1635; x_wconf 85' lang='lat' dir='ltr'>quomodo·</span> <span class='ocrx_word' id='word_1_62' title='bbox 1047 1573 1086 1621; x_wconf 90' lang='lat' dir='ltr'>eo</span> <span class='ocrx_word' id='word_1_63' title='bbox 1112 1573 1189 1620; x_wconf 91' lang='lat' dir='ltr'>con·</span> 
     </span>
     <span class='ocr_line' id='line_1_11' title="bbox 256 1670 1189 1753; baseline -0.001 -14"><span class='ocrx_word' id='word_1_64' title='bbox 256 1671 448 1749; x_wconf 77' lang='lat' dir='ltr'>tendendum</span> <span class='ocrx_word' id='word_1_65' title='bbox 471 1684 573 1750; x_wconf 84' lang='lat' dir='ltr'>esset,</span> <span class='ocrx_word' id='word_1_66' title='bbox 595 1671 792 1753; x_wconf 78' lang='lat' dir='ltr'>explorandis</span> <span class='ocrx_word' id='word_1_67' title='bbox 814 1670 928 1739; x_wconf 88' lang='lat' dir='ltr'>studiis</span> <span class='ocrx_word' id='word_1_68' title='bbox 957 1673 1074 1739; x_wconf 90' lang='lat' dir='ltr'>nostris</span> <span class='ocrx_word' id='word_1_69' title='bbox 1097 1690 1189 1738; x_wconf 88' lang='lat' dir='ltr'>natu·</span> 
     </span>
     <span class='ocr_line' id='line_1_12' title="bbox 257 1781 1190 1875; baseline 0.005 -23"><span class='ocrx_word' id='word_1_70' title='bbox 257 1788 400 1869; x_wconf 78' lang='lat' dir='ltr'>noiibus,</span> <span class='ocrx_word' id='word_1_71' title='bbox 432 1781 650 1869; x_wconf 73' lang='lat' dir='ltr'>significavit?</span> <span class='ocrx_word' id='word_1_72' title='bbox 682 1786 830 1854; x_wconf 83' lang='lat' dir='ltr'>Diximus·</span> <span class='ocrx_word' id='word_1_73' title='bbox 850 1789 883 1854; x_wconf 90' lang='lat' dir='ltr'>in</span> <span class='ocrx_word' id='word_1_74' title='bbox 906 1788 976 1873; x_wconf 88' lang='lat' dir='ltr'>ipso</span> <span class='ocrx_word' id='word_1_75' title='bbox 996 1791 1091 1875; x_wconf 80' lang='lat' dir='ltr'>hujus</span> <span class='ocrx_word' id='word_1_76' title='bbox 1113 1809 1190 1872; x_wconf 86' lang='lat' dir='ltr'>ope·</span> 
     </span>
     <span class='ocr_line' id='line_1_13' title="bbox 257 1892 1191 1989; baseline 0.004 -20"><span class='ocrx_word' id='word_1_77' title='bbox 257 1892 470 1985; x_wconf 79' lang='lat' dir='ltr'>tis-exordio,</span> <span class='ocrx_word' id='word_1_78' title='bbox 490 1904 722 1989; x_wconf 83' lang='lat' dir='ltr'>philosophiam</span> <span class='ocrx_word' id='word_1_79' title='bbox 740 1907 823 1988; x_wconf 91' lang='lat' dir='ltr'>apud</span> <span class='ocrx_word' id='word_1_80' title='bbox 834 1907 1000 1980; x_wconf 84' lang='lat' dir='ltr'>Platonem·</span> <span class='ocrx_word' id='word_1_81' title='bbox 1012 1907 1050 1972; x_wconf 91' lang='lat' dir='ltr'>ad</span> <span class='ocrx_word' id='word_1_82' title='bbox 1068 1912 1191 1989; x_wconf 81' lang='lat' dir='ltr'>saplen-</span> 
     </span>
     <span class='ocr_line' id='line_1_14' title="bbox 255 2016 1187 2110; baseline 0.002 -20"><span class='ocrx_word' id='word_1_83' title='bbox 255 2020 333 2090; x_wconf 69' lang='lat' dir='ltr'>riam</span> <span class='ocrx_word' id='word_1_84' title='bbox 357 2016 495 2089; x_wconf 84' lang='lat' dir='ltr'>tendere.</span> <span class='ocrx_word' id='word_1_85' title='bbox 532 2022 626 2088; x_wconf 82' lang='lat' dir='ltr'>Artes</span> <span class='ocrx_word' id='word_1_86' title='bbox 646 2022 763 2088; x_wconf 87' lang='lat' dir='ltr'>scilicet</span> <span class='ocrx_word' id='word_1_87' title='bbox 783 2042 843 2090; x_wconf 89' lang='lat' dir='ltr'>nos</span> <span class='ocrx_word' id='word_1_88' title='bbox 860 2024 893 2088; x_wconf 92' lang='lat' dir='ltr'>in</span> <span class='ocrx_word' id='word_1_89' title='bbox 908 2028 945 2090; x_wconf 78' lang='lat' dir='ltr'>es</span> <span class='ocrx_word' id='word_1_90' title='bbox 963 2025 1002 2090; x_wconf 82' lang='lat' dir='ltr'>cd</span> <span class='ocrx_word' id='word_1_91' title='bbox 1020 2027 1187 2110; x_wconf 87' lang='lat' dir='ltr'>pulcrum,</span> 
     </span>
     <span class='ocr_line' id='line_1_15' title="bbox 257 2137 1188 2230; baseline 0.003 -26"><span class='ocrx_word' id='word_1_92' title='bbox 257 2137 442 2221; x_wconf 69' lang='lat' dir='ltr'>disciplinae</span> <span class='ocrx_word' id='word_1_93' title='bbox 469 2138 662 2221; x_wconf 77' lang='lat' dir='ltr'>advenum,</span> <span class='ocrx_word' id='word_1_94' title='bbox 706 2140 839 2208; x_wconf 86' lang='lat' dir='ltr'>virtutes</span> <span class='ocrx_word' id='word_1_95' title='bbox 864 2141 903 2208; x_wconf 90' lang='lat' dir='ltr'>ad</span> <span class='ocrx_word' id='word_1_96' title='bbox 927 2143 1047 2230; x_wconf 86' lang='lat' dir='ltr'>justum</span> <span class='ocrx_word' id='word_1_97' title='bbox 1075 2143 1188 2226; x_wconf 80' lang='lat' dir='ltr'>perdu-</span> 
     </span>
     <span class='ocr_line' id='line_1_16' title="bbox 257 2241 1187 2343; baseline 0.002 -21"><span class='ocrx_word' id='word_1_98' title='bbox 257 2241 370 2337; x_wconf 67' lang='lat' dir='ltr'>&#39;cunt3⁵</span> <span class='ocrx_word' id='word_1_99' title='bbox 391 2273 448 2322; x_wconf 87' lang='lat' dir='ltr'>net</span> <span class='ocrx_word' id='word_1_100' title='bbox 470 2269 581 2323; x_wconf 66' lang='lat' dir='ltr'>,tamen</span> <span class='ocrx_word' id='word_1_101' title='bbox 610 2256 789 2325; x_wconf 86' lang='lat' dir='ltr'>continetur</span> <span class='ocrx_word' id='word_1_102' title='bbox 814 2256 862 2322; x_wconf 80' lang='lat' dir='ltr'>liis</span> <span class='ocrx_word' id='word_1_103' title='bbox 894 2257 1120 2343; x_wconf 87' lang='lat' dir='ltr'>philosophia:</span> <span class='ocrx_word' id='word_1_104' title='bbox 1151 2273 1187 2324; x_wconf 91' lang='lat' dir='ltr'>ut</span> 
     </span>
     <span class='ocr_line' id='line_1_17' title="bbox 256 2373 1200 2453; baseline 0.001 -15"><span class='ocrx_word' id='word_1_105' title='bbox 256 2373 468 2440; x_wconf 65' lang='lat' dir='ltr'>instrumentis</span> <span class='ocrx_word' id='word_1_106' title='bbox 487 2373 562 2440; x_wconf 79' lang='lat' dir='ltr'>haec</span> <span class='ocrx_word' id='word_1_107' title='bbox 580 2373 681 2439; x_wconf 85' lang='lat' dir='ltr'>utitur·</span> <span class='ocrx_word' id='word_1_108' title='bbox 701 2373 790 2449; x_wconf 87' lang='lat' dir='ltr'>illis,</span> <span class='ocrx_word' id='word_1_109' title='bbox 813 2375 931 2450; x_wconf 89' lang='lat' dir='ltr'>quibus</span> <span class='ocrx_word' id='word_1_110' title='bbox 956 2375 1095 2437; x_wconf 89' lang='lat' dir='ltr'>divinum</span> <span class='ocrx_word' id='word_1_111' title='bbox 1119 2394 1200 2453; x_wconf 73' lang='lat' dir='ltr'>per·¹</span> 
     </span>
     <span class='ocr_line' id='line_1_18' title="bbox 256 2485 1187 2571; baseline -0.003 -16"><span class='ocrx_word' id='word_1_112' title='bbox 256 2487 338 2555; x_wconf 85' lang='lat' dir='ltr'>ficiat</span> <span class='ocrx_word' id='word_1_113' title='bbox 360 2488 560 2571; x_wconf 84' lang='lat' dir='ltr'>propositum</span> <span class='ocrx_word' id='word_1_114' title='bbox 591 2503 705 2550; x_wconf 82' lang='lat' dir='ltr'>suum:</span> <span class='ocrx_word' id='word_1_115' title='bbox 739 2498 789 2550; x_wconf 88' lang='lat' dir='ltr'>est</span> <span class='ocrx_word' id='word_1_116' title='bbox 812 2499 916 2550; x_wconf 87' lang='lat' dir='ltr'>autem</span> <span class='ocrx_word' id='word_1_117' title='bbox 938 2485 1038 2565; x_wconf 88' lang='lat' dir='ltr'>illud,</span> <span class='ocrx_word' id='word_1_118' title='bbox 1070 2502 1106 2551; x_wconf 89' lang='lat' dir='ltr'>ut</span> <span class='ocrx_word' id='word_1_119' title='bbox 1130 2488 1187 2552; x_wconf 90' lang='lat' dir='ltr'>ho·</span> 
     </span>
     <span class='ocr_line' id='line_1_19' title="bbox 199 2582 1278 2683; baseline 0.003 -14"><span class='ocrx_word' id='word_1_120' title='bbox 199 2582 201 2587; x_wconf 14' lang='grc' dir='ltr'><em>Α</em></span> <span class='ocrx_word' id='word_1_121' title='bbox 256 2601 395 2670; x_wconf 88' lang='lat' dir='ltr'>minibus</span> <span class='ocrx_word' id='word_1_122' title='bbox 422 2601 461 2667; x_wconf 91' lang='lat' dir='ltr'>ad</span> <span class='ocrx_word' id='word_1_123' title='bbox 482 2600 662 2680; x_wconf 88' lang='lat' dir='ltr'>veritatem,</span> <span class='ocrx_word' id='word_1_124' title='bbox 696 2599 761 2664; x_wconf 86' lang='lat' dir='ltr'>imo</span> <span class='ocrx_word' id='word_1_125' title='bbox 784 2589 1024 2683; x_wconf 82' lang='lat' dir='ltr'>ad&#39;sapietrtiam</span> <span class='ocrx_word' id='word_1_126' title='bbox 1052 2602 1191 2672; x_wconf 85' lang='lat' dir='ltr'>divinae·</span> <span class='ocrx_word' id='word_1_127' title='bbox 1276 2617 1278 2627; x_wconf 55' lang='lat'><em>¹</em></span> 
     </span>
     <span class='ocr_line' id='line_1_20' title="bbox 257 2715 1082 2802; baseline -0.004 -16"><span class='ocrx_word' id='word_1_128' title='bbox 257 2725 320 2802; x_wconf 81' lang='lat' dir='ltr'>q&#39;ue</span> <span class='ocrx_word' id='word_1_129' title='bbox 340 2733 468 2784; x_wconf 87' lang='lat' dir='ltr'>naturae</span> <span class='ocrx_word' id='word_1_130' title='bbox 489 2715 692 2781; x_wconf 85' lang='lat' dir='ltr'>imitationem</span> <span class='ocrx_word' id='word_1_131' title='bbox 715 2716 780 2781; x_wconf 87' lang='lat' dir='ltr'>dux</span> <span class='ocrx_word' id='word_1_132' title='bbox 798 2715 839 2781; x_wconf 90' lang='lat' dir='ltr'>sit</span> <span class='ocrx_word' id='word_1_133' title='bbox 857 2733 897 2783; x_wconf 14' lang='lat' dir='ltr'>&#39;et</span> <span class='ocrx_word' id='word_1_134' title='bbox 924 2719 1082 2802; x_wconf 83' lang='lat' dir='ltr'>magistra.</span> 
     </span>
    </p>

    <p class='ocr_par' dir='ltr' id='par_1_3' title="bbox 184 2823 1187 3038">
     <span class='ocr_line' id='line_1_21' title="bbox 259 2823 1187 2916; baseline 0 -14"><span class='ocrx_word' id='word_1_135' title='bbox 259 2823 278 2867; x_wconf 62' lang='grc'>·’</span> <span class='ocrx_word' id='word_1_136' title='bbox 300 2835 361 2902; x_wconf 85' lang='lat' dir='ltr'>Sed</span> <span class='ocrx_word' id='word_1_137' title='bbox 391 2834 431 2900; x_wconf 87' lang='lat' dir='ltr'>de</span> <span class='ocrx_word' id='word_1_138' title='bbox 461 2831 649 2899; x_wconf 85' lang='lat' dir='ltr'>sublimibus</span> <span class='ocrx_word' id='word_1_139' title='bbox 679 2831 729 2898; x_wconf 91' lang='lat' dir='ltr'>his</span> <span class='ocrx_word' id='word_1_140' title='bbox 758 2834 947 2916; x_wconf 84' lang='lat' dir='ltr'>argumentis</span> <span class='ocrx_word' id='word_1_141' title='bbox 987 2849 1053 2910; x_wconf 88' lang='lat' dir='ltr'>turn</span> <span class='ocrx_word' id='word_1_142' title='bbox 1093 2837 1187 2903; x_wconf 87' lang='lat' dir='ltr'>nobis</span> 
     </span>
     <span class='ocr_line' id='line_1_22' title="bbox 184 2948 1186 3038; baseline 0.004 -24"><span class='ocrx_word' id='word_1_143' title='bbox 184 3011 185 3014; x_wconf 74' lang='grc'>,</span> <span class='ocrx_word' id='word_1_144' title='bbox 254 2953 405 3038; x_wconf 77' lang='lat' dir='ltr'>agendum</span> <span class='ocrx_word' id='word_1_145' title='bbox 434 2949 493 3016; x_wconf 89' lang='lat' dir='ltr'>erit</span> <span class='ocrx_word' id='word_1_146' title='bbox 511 2949 714 3034; x_wconf 83' lang='lat' dir='ltr'>diligentius,</span> <span class='ocrx_word' id='word_1_147' title='bbox 757 2948 812 3016; x_wconf 92' lang='lat' dir='ltr'>ubi</span> <span class='ocrx_word' id='word_1_148' title='bbox 840 2950 878 3015; x_wconf 89' lang='lat' dir='ltr'>ad</span> <span class='ocrx_word' id='word_1_149' title='bbox 899 2950 1047 3034; x_wconf 79' lang='lat' dir='ltr'>justum,</span> <span class='ocrx_word' id='word_1_150' title='bbox 1089 2952 1186 3034; x_wconf 88' lang='lat' dir='ltr'>inpri-</span> 
     </span>
    </p>
   </div>
   <div class='ocr_carea' id='block_1_3' title="bbox 241 3067 1289 3153">
    <p class='ocr_par' dir='ltr' id='par_1_4' title="bbox 241 3067 1289 3153">
     <span class='ocr_line' id='line_1_23' title="bbox 241 3067 1289 3153; baseline 0.008 -25"><span class='ocrx_word' id='word_1_151' title='bbox 241 3071 376 3153; x_wconf 80' lang='lat' dir='ltr'>misque</span> <span class='ocrx_word' id='word_1_152' title='bbox 411 3068 466 3134; x_wconf 90' lang='lat' dir='ltr'>ubi</span> <span class='ocrx_word' id='word_1_153' title='bbox 500 3067 538 3134; x_wconf 92' lang='lat' dir='ltr'>ad</span> <span class='ocrx_word' id='word_1_154' title='bbox 575 3081 717 3131; x_wconf 77' lang='lat' dir='ltr'>sanctam</span> <span class='ocrx_word' id='word_1_155' title='bbox 753 3067 997 3148; x_wconf 82' lang='lat' dir='ltr'>pervenerimus.</span> <span class='ocrx_word' id='word_1_156' title='bbox 1063 3069 1183 3151; x_wconf 91' lang='lat' dir='ltr'>Nunc,</span> <span class='ocrx_word' id='word_1_157' title='bbox 1286 3076 1289 3083; x_wconf 84' lang='lat'>&#39;</span> 
     </span>
    </p>
   </div>
   <div class='ocr_carea' id='block_1_4' title="bbox 253 3182 1189 3387">
    <p class='ocr_par' dir='ltr' id='par_1_5' title="bbox 253 3182 1189 3387">
     <span class='ocr_line' id='line_1_24' title="bbox 256 3182 1188 3271; baseline -0.002 -17"><span class='ocrx_word' id='word_1_158' title='bbox 256 3196 353 3271; x_wconf 70' lang='lat' dir='ltr'>dnum</span> <span class='ocrx_word' id='word_1_159' title='bbox 378 3186 417 3252; x_wconf 84' lang='lat' dir='ltr'>ad</span> <span class='ocrx_word' id='word_1_160' title='bbox 445 3183 524 3250; x_wconf 91' lang='lat' dir='ltr'>illud</span> <span class='ocrx_word' id='word_1_161' title='bbox 554 3182 799 3263; x_wconf 83' lang='lat' dir='ltr'>accesserimus,</span> <span class='ocrx_word' id='word_1_162' title='bbox 831 3185 917 3265; x_wconf 90' lang='lat' dir='ltr'>quod</span> <span class='ocrx_word' id='word_1_163' title='bbox 939 3185 1062 3253; x_wconf 74' lang='lat' dir='ltr'>inseri</span> <span class='ocrx_word' id='word_1_164' title='bbox 1084 3188 1188 3268; x_wconf 90' lang='lat' dir='ltr'>philo·</span> 
     </span>
     <span class='ocr_line' id='line_1_25' title="bbox 253 3300 1189 3387; baseline 0 -18"><span class='ocrx_word' id='word_1_165' title='bbox 253 3304 367 3387; x_wconf 83' lang='lat' dir='ltr'>sophia</span> <span class='ocrx_word' id='word_1_166' title='bbox 391 3300 556 3366; x_wconf 86' lang='lat' dir='ltr'>maximum</span> <span class='ocrx_word' id='word_1_167' title='bbox 588 3312 637 3364; x_wconf 86' lang='lat' dir='ltr'>est</span> <span class='ocrx_word' id='word_1_168' title='bbox 657 3313 689 3364; x_wconf 92' lang='lat' dir='ltr'>et</span> <span class='ocrx_word' id='word_1_169' title='bbox 709 3312 927 3382; x_wconf 88' lang='lat' dir='ltr'>postremum,</span> <span class='ocrx_word' id='word_1_170' title='bbox 951 3314 986 3364; x_wconf 89' lang='lat' dir='ltr'>ut</span> <span class='ocrx_word' id='word_1_171' title='bbox 1004 3302 1072 3385; x_wconf 89' lang='lat' dir='ltr'>ejus</span> <span class='ocrx_word' id='word_1_172' title='bbox 1095 3300 1189 3369; x_wconf 87' lang='lat' dir='ltr'>finem</span> 
     </span>
    </p>
   </div>
   <div class='ocr_carea' id='block_1_5' title="bbox 254 3404 1294 3498">
    <p class='ocr_par' dir='ltr' id='par_1_6' title="bbox 254 3404 1294 3498">
     <span class='ocr_line' id='line_1_26' title="bbox 254 3404 1294 3498; baseline 0.011 -21"><span class='ocrx_word' id='word_1_173' title='bbox 254 3435 478 3498; x_wconf 73' lang='lat' dir='ltr'>summumque</span> <span class='ocrx_word' id='word_1_174' title='bbox 496 3415 695 3497; x_wconf 84' lang='lat' dir='ltr'>propositum</span> <span class='ocrx_word' id='word_1_175' title='bbox 725 3417 850 3498; x_wconf 85' lang='lat' dir='ltr'>assequi</span> <span class='ocrx_word' id='word_1_176' title='bbox 878 3418 1037 3498; x_wconf 79' lang='lat' dir='ltr'>nitamur,</span> <span class='ocrx_word' id='word_1_177' title='bbox 1058 3419 1188 3486; x_wconf 90' lang='lat' dir='ltr'>descen·</span> <span class='ocrx_word' id='word_1_178' title='bbox 1293 3404 1294 3407; x_wconf 22' lang='lat'>¹</span> 
     </span>
    </p>
   </div>
   <div class='ocr_carea' id='block_1_6' title="bbox 165 3532 1309 4180">
    <p class='ocr_par' dir='ltr' id='par_1_7' title="bbox 165 3532 1309 4180">
     <span class='ocr_line' id='line_1_27' title="bbox 254 3532 1185 3618; baseline 0.002 -16"><span class='ocrx_word' id='word_1_179' title='bbox 254 3536 388 3602; x_wconf 86' lang='lat' dir='ltr'>dendurn</span> <span class='ocrx_word' id='word_1_180' title='bbox 416 3533 510 3598; x_wconf 90' lang='lat' dir='ltr'>nobis</span> <span class='ocrx_word' id='word_1_181' title='bbox 529 3533 680 3599; x_wconf 88' lang='lat' dir='ltr'>contirrun</span> <span class='ocrx_word' id='word_1_182' title='bbox 700 3533 734 3598; x_wconf 93' lang='lat' dir='ltr'>in</span> <span class='ocrx_word' id='word_1_183' title='bbox 753 3532 890 3599; x_wconf 84' lang='lat' dir='ltr'>Platonis</span> <span class='ocrx_word' id='word_1_184' title='bbox 911 3536 1093 3618; x_wconf 88' lang='lat' dir='ltr'>speluncam</span> <span class='ocrx_word' id='word_1_185' title='bbox 1113 3537 1185 3604; x_wconf 88' lang='lat' dir='ltr'>erit.</span> 
     </span>
     <span class='ocr_line' id='line_1_28' title="bbox 253 3632 1188 3734; baseline -0.019 -13"><span class='ocrx_word' id='word_1_186' title='bbox 253 3653 321 3721; x_wconf 85' lang='lat' dir='ltr'>Hac</span> <span class='ocrx_word' id='word_1_187' title='bbox 347 3653 437 3719; x_wconf 90' lang='lat' dir='ltr'>Plato</span> <span class='ocrx_word' id='word_1_188' title='bbox 455 3650 587 3734; x_wconf 85' lang='lat' dir='ltr'>imagine</span> <span class='ocrx_word' id='word_1_189' title='bbox 610 3649 641 3716; x_wconf 88' lang='lat' dir='ltr'>in</span> <span class='ocrx_word' id='word_1_190' title='bbox 669 3649 825 3729; x_wconf 89' lang='lat' dir='ltr'>mundum</span> <span class='ocrx_word' id='word_1_191' title='bbox 840 3669 899 3716; x_wconf 87' lang='lat' dir='ltr'>nos</span> <span class='ocrx_word' id='word_1_192' title='bbox 920 3632 1047 3734; x_wconf 66' lang='lat' dir='ltr'>imin,</span> <span class='ocrx_word' id='word_1_193' title='bbox 1069 3665 1188 3732; x_wconf 64' lang='lat' dir='ltr'>specta.</span> 
     </span>
     <span class='ocr_line' id='line_1_29' title="bbox 251 3760 1187 3852; baseline -0.007 -14"><span class='ocrx_word' id='word_1_194' title='bbox 251 3771 361 3851; x_wconf 69' lang='lat' dir='ltr'>nem,—</span> <span class='ocrx_word' id='word_1_195' title='bbox 384 3768 528 3836; x_wconf 87' lang='lat' dir='ltr'>sensibus</span> <span class='ocrx_word' id='word_1_196' title='bbox 556 3782 736 3852; x_wconf 89' lang='lat' dir='ltr'>patentem,</span> <span class='ocrx_word' id='word_1_197' title='bbox 762 3766 818 3844; x_wconf 79' lang='lat' dir='ltr'>sed</span> <span class='ocrx_word' id='word_1_198' title='bbox 846 3760 1039 3850; x_wconf 82' lang='lat' dir='ltr'>ignorantiae</span> <span class='ocrx_word' id='word_1_199' title='bbox 1067 3765 1187 3849; x_wconf 83' lang='lat' dir='ltr'>gravis·</span> 
     </span>
     <span class='ocr_line' id='line_1_30' title="bbox 251 3879 1188 3969; baseline -0.012 -12"><span class='ocrx_word' id='word_1_200' title='bbox 251 3891 467 3969; x_wconf 88' lang='lat' dir='ltr'>simorumque</span> <span class='ocrx_word' id='word_1_201' title='bbox 493 3879 633 3952; x_wconf 77' lang='lat' dir='ltr'>errorum</span> <span class='ocrx_word' id='word_1_202' title='bbox 654 3883 789 3965; x_wconf 82' lang='lat' dir='ltr'>sedem,</span> <span class='ocrx_word' id='word_1_203' title='bbox 810 3881 964 3948; x_wconf 80' lang='lat' dir='ltr'>deducet:</span> <span class='ocrx_word' id='word_1_204' title='bbox 988 3898 1062 3962; x_wconf 87' lang='lat' dir='ltr'>quo.</span> <span class='ocrx_word' id='word_1_205' title='bbox 1076 3879 1188 3961; x_wconf 80' lang='lat' dir='ltr'>diluci-¹</span> 
     </span>
     <span class='ocr_line' id='line_1_31' title="bbox 165 3992 1309 4094; baseline -0.006 -23"><span class='ocrx_word' id='word_1_206' title='bbox 165 4003 166 4006; x_wconf 73' lang='grc'>’</span> <span class='ocrx_word' id='word_1_207' title='bbox 250 4003 321 4094; x_wconf 78' lang='lat' dir='ltr'>dius</span> <span class='ocrx_word' id='word_1_208' title='bbox 349 3998 443 4070; x_wconf 81' lang='lat' dir='ltr'>nobis</span> <span class='ocrx_word' id='word_1_209' title='bbox 477 3992 589 4071; x_wconf 74' lang='lat' dir='ltr'>dehine-</span> <span class='ocrx_word' id='word_1_210' title='bbox 618 4010 743 4086; x_wconf 66' lang='lat' dir='ltr'>nsteat‚</span> <span class='ocrx_word' id='word_1_211' title='bbox 776 4012 858 4080; x_wconf 81' lang='lat' dir='ltr'>quse</span> <span class='ocrx_word' id='word_1_212' title='bbox 886 3992 1023 4062; x_wconf 83' lang='lat' dir='ltr'>hominis</span> <span class='ocrx_word' id='word_1_213' title='bbox 1045 3992 1086 4063; x_wconf 85' lang='lat' dir='ltr'>sit</span> <span class='ocrx_word' id='word_1_214' title='bbox 1114 3995 1187 4065; x_wconf 84' lang='lat' dir='ltr'>inde</span> <span class='ocrx_word' id='word_1_215' title='bbox 1308 3998 1309 4002; x_wconf 75' lang='grc'>’</span> 
     </span>
     <span class='ocr_line' id='line_1_32' title="bbox 255 4128 1185 4180; baseline -0.018 17"><span class='ocrx_word' id='word_1_216' title='bbox 255 4128 258 4133; x_wconf 87' lang='grc'><strong>’</strong></span> <span class='ocrx_word' id='word_1_217' title='bbox 1152 4130 1185 4180; x_wconf 86' lang='lat' dir='ltr'>tn</span> 
     </span>
    </p>
   </div>
   <div class='ocr_carea' id='block_1_7' title="bbox 0 0 1452 5168">
    <p class='ocr_par' dir='ltr' id='par_1_8' title="bbox 0 0 1452 5168">
     <span class='ocr_line' id='line_1_33' title="bbox 0 0 1452 5168; baseline 0 2"><span class='ocrx_word' id='word_1_218' title='bbox 0 0 1452 5168; x_wconf 95' lang='lat' dir='ltr'> </span> 
     </span>
    </p>
   </div>
  </div>
 </body>
</html>
