2896 5168
621 504 813 570 ’'²3²‘'

257 671 333 752 dio,
355 690 444 755 troam
473 670 662 735 attendentes
690 668 870 747 veritatem,
898 667 992 749 binc,
1023 670 1049 734 si
1076 669 1178 758 libue-

257 787 321 865 rit,
348 787 386 850 ad
413 803 496 849 recte
523 781 807 865 philosophandum
837 783 1011 864 proficiant.
1054 786 1178 850 Verun-

255 916 356 968 tamen
379 902 464 983 quod
481 901 513 965 in
534 899 603 978 his,
626 901 706 966 duce
728 900 878 981 Platone,
899 902 938 968 de
966 907 1178 985 conversione,

201 1040 206 1048 ·
251 1021 529 1095 circumversione,
568 1028 745 1100 περιαγωγῇ
780 1016 916 1083 hominis
950 1019 989 1084 ad
1020 1023 1178 1085 veritatem

254 1134 443 1212 docuimus,
465 1133 510 1194 (ι)
531 1147 592 1198 tam
621 1132 752 1214 simplex
782 1134 857 1200 haec
876 1135 1058 1217 philosophi
1079 1136 1181 1202 homi·

258 1250 355 1330 nique
379 1250 521 1314 salutaris
543 1248 713 1313 admonitio
733 1266 804 1331 est,
827 1267 886 1316 tam
914 1255 1015 1320 eadem
1039 1274 1095 1336 per
1113 1273 1182 1319 om·

259 1385 329 1431 nem
357 1367 425 1449 ejus
458 1364 714 1446 philosophiam,
750 1362 818 1427 sive
846 1364 885 1428 ad
916 1367 1080 1448 pulcrum,
1110 1370 1179 1434 sive

257 1482 402 1548 universe
418 1482 457 1544 ad
478 1497 584 1543 vetum
606 1475 762 1557 refertur,
783 1480 957 1545 dominator
974 1485 1084 1566 piane,
1102 1499 1180 1549 tarn-

255 1617 317 1680 que
335 1597 440 1660 efficax
460 1595 554 1659 simul
581 1595 620 1659 ad
647 1614 719 1659 vere
744 1597 942 1662 excolendum
965 1601 1182 1668 erudiendum·

239 1733 317 1794 ‘que
338 1710 494 1777 hominem
525 1725 592 1791 est,
615 1725 649 1775 ut
676 1728 741 1776 non
762 1712 1016 1780 committendum
1039 1716 1180 1785 videatur

254 1829 370 1909 nobis,
393 1828 470 1909 quin
498 1829 548 1894 hlc
565 1827 667 1893 denuo
694 1828 735 1892 ad
764 1847 828 1895 earn
858 1845 994 1896 attentos
1028 1832 1177 1902 faciamus

252 1949 397 2013 lectores.

299 2065 379 2131 Nam
412 2062 498 2127 omni
528 2074 625 2128 aetate
660 2060 840 2144 philosophi
868 2066 915 2128 vel
945 2064 986 2130 ita
1012 2067 1179 2148 conquesti

256 2184 295 2247 de
317 2177 453 2246 hominis
478 2176 687 2242 imbecillitate
714 2192 813 2255 sunt,
835 2180 885 2243 vel
903 2194 963 2246 tam
984 2185 1107 2249 arduam
1130 2204 1179 2250 es·

207 2372 216 2388 .
257 2315 293 2360 se
331 2313 394 2359 tem
426 2290 660 2374 philosophiam
698 2293 945 2375 perhibuerunt,
975 2312 1011 2361 ut
1038 2297 1180 2379 philoso-

255 2411 352 2495 phia,
374 2408 424 2472 his
451 2407 659 2484 auctoribus,
680 2408 786 2488 plures
808 2408 990 2474 absterreret
1018 2409 1181 2476 difficulta-

254 2539 286 2590 te
309 2527 390 2599 sua,
414 2539 505 2603 quam
532 2521 718 2601 praestantia
742 2537 836 2603 atque
864 2522 996 2588 utilitate
1029 2524 1176 2592 alliceret.

255 2639 412 2707 Neutrum
441 2635 516 2700 fecit
544 2637 644 2700 Plato.
709 2637 839 2702 Monuit
873 2636 1074 2717 simpliciter,
1104 2638 1192 2705 illuc·

254 2754 321 2818 fere
346 2767 527 2816 conversam
553 2750 712 2815 hominum
740 2764 870 2812 mentem
900 2767 992 2828 esse,
1023 2768 1088 2831 quo
1113 2770 1179 2821 non

255 2878 436 2948 oporteret:
451 2861 496 2926 sic
507 2874 607 2926 autem
624 2861 797 2940 accidisse,
820 2877 854 2927 ut
870 2861 996 2928 sibimet
1009 2838 1069 2947 ipsi
1082 2868 1177 2933 homo

251 2980 429 3064 displiceret
451 2976 645 3055 necessario,
675 2996 732 3042 nec
755 2992 858 3042 tantos
887 2976 1021 3058 faceret,
1045 2998 1180 3061 quantos

253 3113 362 3182 posset
395 3115 429 3162 ac
450 3093 596 3172 deberet,
619 3094 772 3159 interum
794 3093 1015 3175 disquisitione
1035 3117 1179 3181 progres-

254 3234 324 3285 sus.
380 3213 489 3294 Itaque
511 3209 543 3275 in
570 3210 671 3293 pulcri
705 3212 860 3277 tractandi
888 3211 1107 3295 philosophia,
1138 3216 1177 3281 ad

249 3330 350 3412 ipsam
383 3327 526 3413 polorum
565 3324 732 3391 continuo.
751 3328 904 3393 convertit
941 3342 1073 3392 mentem
1102 3346 1180 3396 nos·

252 3457 355 3523 tram,
376 3440 556 3520 artibusque
583 3459 641 3507 nos
659 3441 754 3526 jussit
771 3441 1032 3525 elegantioribus,
1055 3445 1177 3525 praeci·

252 3575 314 3638 pue
345 3553 481 3618 musicae
511 3573 632 3635 operam
670 3573 803 3636 navare,
843 3570 877 3620 ut
918 3555 967 3621 his
999 3560 1177 3627 excolendis

220 3676 323 3734 'cum
353 3665 452 3747 pulcri
481 3686 641 3747 amorem,
679 3668 805 3735 insitum
849 3670 940 3735 nobis
971 3679 1103 3756 naturd,
1144 3692 1176 3741 et

251 3782 454 3851 excitaremus
489 3795 519 3846 et
556 3783 732 3866 aleremus,
772 3798 838 3850 tum
870 3787 908 3851 ad
937 3785 1039 3870 ipsunt
1074 3790 1177 3872 pulcri

1117 3931 1179 3981 noos

284 4039 334 4115 (t)
353 4042 497 4113 Praecipue
509 4063 587 4123 supro
603 4051 697 4114 path.
1241 4010 1244 4015 Ι
