<?xml version="1.0" encoding="UTF-8"?>
<!DOCTYPE html PUBLIC "-//W3C//DTD XHTML 1.0 Transitional//EN"
    "http://www.w3.org/TR/xhtml1/DTD/xhtml1-transitional.dtd">
<html xmlns="http://www.w3.org/1999/xhtml" xml:lang="en" lang="en">
 <head>
  <title>
</title>
<meta http-equiv="Content-Type" content="text/html;charset=utf-8" />
  <meta name='ocr-system' content='tesseract 3.04.00' />
  <meta name='ocr-capabilities' content='ocr_page ocr_carea ocr_par ocr_line ocrx_word'/>
</head>
<body>
  <div class='ocr_page' id='page_1' title='image "./initiaphilosoph04heusgoog_0420.png"; bbox 0 0 2896 5168; ppageno 0'>
   <div class='ocr_carea' id='block_1_1' title="bbox 596 430 786 495">
    <p class='ocr_par' dir='ltr' id='par_1_1' title="bbox 596 430 786 495">
     <span class='ocr_line' id='line_1_1' title="bbox 596 430 786 495; baseline -0.005 -29"><span class='ocrx_word' id='word_1_1' title='bbox 596 430 786 495; x_wconf 64' lang='lat'><em>„140-</em></span> 
     </span>
    </p>
   </div>
   <div class='ocr_carea' id='block_1_2' title="bbox 155 567 1151 1256">
    <p class='ocr_par' dir='ltr' id='par_1_2' title="bbox 155 567 1151 1256">
     <span class='ocr_line' id='line_1_2' title="bbox 226 567 1148 675; baseline -0.002 -24"><span class='ocrx_word' id='word_1_2' title='bbox 226 602 310 653; x_wconf 87' lang='lat' dir='ltr'>num</span> <span class='ocrx_word' id='word_1_3' title='bbox 333 585 556 675; x_wconf 51' lang='lat' dir='ltr'>¹philosophiae</span> <span class='ocrx_word' id='word_1_4' title='bbox 581 567 768 673; x_wconf 88' lang='lat' dir='ltr'>principium</span> <span class='ocrx_word' id='word_1_5' title='bbox 800 585 832 651; x_wconf 91' lang='lat' dir='ltr'>ln</span> <span class='ocrx_word' id='word_1_6' title='bbox 856 584 929 670; x_wconf 90' lang='lat' dir='ltr'>ipso</span> <span class='ocrx_word' id='word_1_7' title='bbox 944 585 1072 652; x_wconf 85' lang='lat' dir='ltr'>homine</span> <span class='ocrx_word' id='word_1_8' title='bbox 1095 599 1148 650; x_wconf 85' lang='lat' dir='ltr'>ex·</span> 
     </span>
     <span class='ocr_line' id='line_1_3' title="bbox 224 703 1150 792; baseline 0.002 -25"><span class='ocrx_word' id='word_1_9' title='bbox 224 704 351 786; x_wconf 80' lang='lat' dir='ltr'>plorare</span> <span class='ocrx_word' id='word_1_10' title='bbox 387 705 605 792; x_wconf 85' lang='lat' dir='ltr'>gestiebamus.</span> <span class='ocrx_word' id='word_1_11' title='bbox 664 703 761 771; x_wconf 90' lang='lat' dir='ltr'>Nunc</span> <span class='ocrx_word' id='word_1_12' title='bbox 791 720 887 781; x_wconf 88' lang='lat' dir='ltr'>vero,</span> <span class='ocrx_word' id='word_1_13' title='bbox 918 715 1086 783; x_wconf 87' lang='lat' dir='ltr'>postquam</span> <span class='ocrx_word' id='word_1_14' title='bbox 1116 714 1150 769; x_wconf 86' lang='lat' dir='ltr'>et</span> 
     </span>
     <span class='ocr_line' id='line_1_4' title="bbox 225 815 1148 906; baseline -0.005 -23"><span class='ocrx_word' id='word_1_15' title='bbox 225 817 288 886; x_wconf 87' lang='lat' dir='ltr'>hoe</span> <span class='ocrx_word' id='word_1_16' title='bbox 306 820 525 905; x_wconf 75' lang='lat' dir='ltr'>philosophiae</span> <span class='ocrx_word' id='word_1_17' title='bbox 544 819 731 906; x_wconf 88' lang='lat' dir='ltr'>principium</span> <span class='ocrx_word' id='word_1_18' title='bbox 750 833 782 885; x_wconf 91' lang='lat' dir='ltr'>et</span> <span class='ocrx_word' id='word_1_19' title='bbox 810 818 1011 902; x_wconf 84' lang='lat' dir='ltr'>disciplinas,</span> <span class='ocrx_word' id='word_1_20' title='bbox 1033 815 1148 896; x_wconf 89' lang='lat' dir='ltr'>quibus</span> 
     </span>
     <span class='ocr_line' id='line_1_5' title="bbox 155 930 1148 1018; baseline -0.01 -14"><span class='ocrx_word' id='word_1_21' title='bbox 155 984 159 989; x_wconf 89' lang='lat'><em>-</em></span> <span class='ocrx_word' id='word_1_22' title='bbox 228 935 304 1003; x_wconf 83' lang='lat' dir='ltr'>haee</span> <span class='ocrx_word' id='word_1_23' title='bbox 334 955 393 1003; x_wconf 93' lang='lat' dir='ltr'>nos</span> <span class='ocrx_word' id='word_1_24' title='bbox 413 939 453 1003; x_wconf 86' lang='lat' dir='ltr'>ad</span> <span class='ocrx_word' id='word_1_25' title='bbox 470 938 537 1004; x_wconf 88' lang='lat' dir='ltr'>veri</span> <span class='ocrx_word' id='word_1_26' title='bbox 556 937 716 1005; x_wconf 87' lang='lat' dir='ltr'>seientiam</span> <span class='ocrx_word' id='word_1_27' title='bbox 740 935 841 1016; x_wconf 88' lang='lat' dir='ltr'>ducit,</span> <span class='ocrx_word' id='word_1_28' title='bbox 869 949 900 1000; x_wconf 92' lang='lat' dir='ltr'>et</span> <span class='ocrx_word' id='word_1_29' title='bbox 920 930 1148 1018; x_wconf 78' lang='lat' dir='ltr'><strong>exploravimus</strong></span> 
     </span>
     <span class='ocr_line' id='line_1_6' title="bbox 227 1047 1151 1149; baseline -0.011 -28"><span class='ocrx_word' id='word_1_30' title='bbox 227 1065 262 1121; x_wconf 83' lang='lat' dir='ltr'>et</span> <span class='ocrx_word' id='word_1_31' title='bbox 288 1054 533 1136; x_wconf 83' lang='lat' dir='ltr'>declaravimus,</span> <span class='ocrx_word' id='word_1_32' title='bbox 555 1073 691 1149; x_wconf 79' lang='lat' dir='ltr'>eumque</span> <span class='ocrx_word' id='word_1_33' title='bbox 712 1056 774 1139; x_wconf 86' lang='lat' dir='ltr'>jam</span> <span class='ocrx_word' id='word_1_34' title='bbox 793 1053 898 1119; x_wconf 84' lang='lat' dir='ltr'>simus</span> <span class='ocrx_word' id='word_1_35' title='bbox 921 1053 960 1118; x_wconf 89' lang='lat' dir='ltr'>de</span> <span class='ocrx_word' id='word_1_36' title='bbox 989 1050 1060 1134; x_wconf 88' lang='lat' dir='ltr'>ipso</span> <span class='ocrx_word' id='word_1_37' title='bbox 1081 1047 1151 1130; x_wconf 89' lang='lat' dir='ltr'>phi·</span> 
     </span>
     <span class='ocr_line' id='line_1_7' title="bbox 227 1168 1150 1256; baseline -0.009 -20"><span class='ocrx_word' id='word_1_38' title='bbox 227 1168 392 1251; x_wconf 89' lang='lat' dir='ltr'>losophiae</span> <span class='ocrx_word' id='word_1_39' title='bbox 418 1169 481 1238; x_wconf 89' lang='lat' dir='ltr'>fine</span> <span class='ocrx_word' id='word_1_40' title='bbox 501 1172 624 1252; x_wconf 87' lang='lat' dir='ltr'>acturi,</span> <span class='ocrx_word' id='word_1_41' title='bbox 647 1189 755 1250; x_wconf 89' lang='lat' dir='ltr'>nunc,</span> <span class='ocrx_word' id='word_1_42' title='bbox 776 1170 928 1249; x_wconf 91' lang='lat' dir='ltr'>inquam,</span> <span class='ocrx_word' id='word_1_43' title='bbox 951 1185 1014 1232; x_wconf 90' lang='lat' dir='ltr'>non</span> <span class='ocrx_word' id='word_1_44' title='bbox 1030 1179 1150 1256; x_wconf 81' lang='lat' dir='ltr'>tantum</span> 
     </span>
    </p>
   </div>
   <div class='ocr_carea' id='block_1_3' title="bbox 141 1281 1240 4164">
    <p class='ocr_par' dir='ltr' id='par_1_3' title="bbox 141 1281 1240 4164">
     <span class='ocr_line' id='line_1_8' title="bbox 227 1281 1150 1370; baseline -0.007 -20"><span class='ocrx_word' id='word_1_45' title='bbox 227 1300 293 1350; x_wconf 93' lang='lat' dir='ltr'>non</span> <span class='ocrx_word' id='word_1_46' title='bbox 318 1285 477 1370; x_wconf 86' lang='lat' dir='ltr'>rejiciendi</span> <span class='ocrx_word' id='word_1_47' title='bbox 507 1288 552 1353; x_wconf 92' lang='lat' dir='ltr'>illi</span> <span class='ocrx_word' id='word_1_48' title='bbox 581 1286 674 1352; x_wconf 89' lang='lat' dir='ltr'>nobis</span> <span class='ocrx_word' id='word_1_49' title='bbox 703 1296 800 1361; x_wconf 90' lang='lat' dir='ltr'>sunt,</span> <span class='ocrx_word' id='word_1_50' title='bbox 838 1281 894 1346; x_wconf 90' lang='lat' dir='ltr'>sed</span> <span class='ocrx_word' id='word_1_51' title='bbox 926 1281 959 1344; x_wconf 92' lang='lat' dir='ltr'>in</span> <span class='ocrx_word' id='word_1_52' title='bbox 984 1281 1150 1346; x_wconf 89' lang='lat' dir='ltr'>eonsilium</span> 
     </span>
     <span class='ocr_line' id='line_1_9' title="bbox 221 1387 1149 1481; baseline -0.001 -17"><span class='ocrx_word' id='word_1_53' title='bbox 221 1398 305 1465; x_wconf 82' lang='lat' dir='ltr'>adeo</span> <span class='ocrx_word' id='word_1_54' title='bbox 332 1402 499 1469; x_wconf 88' lang='lat' dir='ltr'>adhibendi</span> <span class='ocrx_word' id='word_1_55' title='bbox 528 1401 684 1468; x_wconf 85' lang='lat' dir='ltr'>videntur.</span> <span class='ocrx_word' id='word_1_56' title='bbox 728 1391 807 1463; x_wconf 87' lang='lat' dir='ltr'>Nam</span> <span class='ocrx_word' id='word_1_57' title='bbox 827 1387 970 1478; x_wconf 79' lang='lat' dir='ltr'>quamvis</span> <span class='ocrx_word' id='word_1_58' title='bbox 993 1399 1076 1481; x_wconf 92' lang='lat' dir='ltr'>apud</span> <span class='ocrx_word' id='word_1_59' title='bbox 1090 1416 1149 1463; x_wconf 92' lang='lat' dir='ltr'>nos</span> 
     </span>
     <span class='ocr_line' id='line_1_10' title="bbox 230 1512 1151 1598; baseline -0.005 -15"><span class='ocrx_word' id='word_1_60' title='bbox 230 1515 270 1583; x_wconf 85' lang='lat' dir='ltr'>de</span> <span class='ocrx_word' id='word_1_61' title='bbox 284 1516 379 1582; x_wconf 86' lang='lat' dir='ltr'>insito</span> <span class='ocrx_word' id='word_1_62' title='bbox 406 1518 462 1583; x_wconf 93' lang='lat' dir='ltr'>illo</span> <span class='ocrx_word' id='word_1_63' title='bbox 489 1515 584 1582; x_wconf 87' lang='lat' dir='ltr'>nobis</span> <span class='ocrx_word' id='word_1_64' title='bbox 615 1514 681 1581; x_wconf 89' lang='lat' dir='ltr'>veri</span> <span class='ocrx_word' id='word_1_65' title='bbox 702 1533 807 1581; x_wconf 91' lang='lat' dir='ltr'>amore</span> <span class='ocrx_word' id='word_1_66' title='bbox 841 1515 943 1595; x_wconf 89' lang='lat' dir='ltr'>deque</span> <span class='ocrx_word' id='word_1_67' title='bbox 974 1512 1151 1598; x_wconf 87' lang='lat' dir='ltr'>discipllna-</span> 
     </span>
     <span class='ocr_line' id='line_1_11' title="bbox 143 1629 1155 1710; baseline -0.004 -13"><span class='ocrx_word' id='word_1_68' title='bbox 143 1651 147 1663; x_wconf 91' lang='lat'>·</span> <span class='ocrx_word' id='word_1_69' title='bbox 231 1646 301 1697; x_wconf 87' lang='lat' dir='ltr'>rum</span> <span class='ocrx_word' id='word_1_70' title='bbox 326 1630 360 1698; x_wconf 87' lang='lat' dir='ltr'>vi</span> <span class='ocrx_word' id='word_1_71' title='bbox 391 1647 423 1698; x_wconf 90' lang='lat' dir='ltr'>et</span> <span class='ocrx_word' id='word_1_72' title='bbox 447 1632 624 1699; x_wconf 72' lang='lat' dir='ltr'>efficacitate</span> <span class='ocrx_word' id='word_1_73' title='bbox 648 1632 687 1698; x_wconf 88' lang='lat' dir='ltr'>ad</span> <span class='ocrx_word' id='word_1_74' title='bbox 710 1631 850 1697; x_wconf 84' lang='lat' dir='ltr'>alendum</span> <span class='ocrx_word' id='word_1_75' title='bbox 880 1631 1023 1710; x_wconf 84' lang='lat' dir='ltr'>huncce,</span> <span class='ocrx_word' id='word_1_76' title='bbox 1048 1629 1155 1694; x_wconf 37' lang='lat' dir='ltr'>&gt;homi-</span> 
     </span>
     <span class='ocr_line' id='line_1_12' title="bbox 203 1745 1154 1832; baseline -0.005 -17"><span class='ocrx_word' id='word_1_77' title='bbox 203 1750 426 1830; x_wconf 83' lang='lat' dir='ltr'>nemquein</span> <span class='ocrx_word' id='word_1_78' title='bbox 458 1750 606 1816; x_wconf 87' lang='lat' dir='ltr'>mundum</span> <span class='ocrx_word' id='word_1_79' title='bbox 640 1754 762 1829; x_wconf 71' lang='lat' dir='ltr'>roardo,</span> <span class='ocrx_word' id='word_1_80' title='bbox 791 1749 824 1813; x_wconf 92' lang='lat' dir='ltr'>in</span> <span class='ocrx_word' id='word_1_81' title='bbox 858 1766 986 1832; x_wconf 86' lang='lat' dir='ltr'>regnum</span> <span class='ocrx_word' id='word_1_82' title='bbox 1015 1745 1154 1812; x_wconf 87' lang='lat' dir='ltr'>veritatis</span> 
     </span>
     <span class='ocr_line' id='line_1_13' title="bbox 232 1865 1240 1948; baseline -0.005 -16"><span class='ocrx_word' id='word_1_83' title='bbox 232 1866 601 1948; x_wconf 87' lang='lat' dir='ltr'>evehendum-constet,</span> <span class='ocrx_word' id='word_1_84' title='bbox 631 1865 659 1931; x_wconf 90' lang='lat' dir='ltr'>si</span> <span class='ocrx_word' id='word_1_85' title='bbox 685 1884 742 1932; x_wconf 91' lang='lat' dir='ltr'>nec</span> <span class='ocrx_word' id='word_1_86' title='bbox 767 1865 893 1931; x_wconf 87' lang='lat' dir='ltr'>scientia</span> <span class='ocrx_word' id='word_1_87' title='bbox 925 1865 987 1929; x_wconf 87' lang='lat' dir='ltr'>ulia</span> <span class='ocrx_word' id='word_1_88' title='bbox 1012 1878 1061 1929; x_wconf 92' lang='lat' dir='ltr'>est</span> <span class='ocrx_word' id='word_1_89' title='bbox 1093 1879 1152 1928; x_wconf 85' lang='lat' dir='ltr'>nee</span> <span class='ocrx_word' id='word_1_90' title='bbox 1188 1934 1192 1944; x_wconf 42' lang='grc'>,</span> <span class='ocrx_word' id='word_1_91' title='bbox 1235 1875 1240 1885; x_wconf 85' lang='grc'><strong>’</strong></span> 
     </span>
     <span class='ocr_line' id='line_1_14' title="bbox 231 1981 1156 2066; baseline -0.003 -18"><span class='ocrx_word' id='word_1_92' title='bbox 231 1982 344 2051; x_wconf 75' lang='lat' dir='ltr'>veritas</span> <span class='ocrx_word' id='word_1_93' title='bbox 371 2001 443 2049; x_wconf 89' lang='lat' dir='ltr'>curn</span> <span class='ocrx_word' id='word_1_94' title='bbox 470 1983 600 2050; x_wconf 68' lang='lat' dir='ltr'>scientio</span> <span class='ocrx_word' id='word_1_95' title='bbox 622 1984 813 2066; x_wconf 88' lang='lat' dir='ltr'>conjuncta,</span> <span class='ocrx_word' id='word_1_96' title='bbox 835 1981 919 2047; x_wconf 90' lang='lat' dir='ltr'>irrita</span> <span class='ocrx_word' id='word_1_97' title='bbox 936 1981 1027 2047; x_wconf 91' lang='lat' dir='ltr'>nobis</span> <span class='ocrx_word' id='word_1_98' title='bbox 1048 1994 1156 2062; x_wconf 87' lang='lat' dir='ltr'>erunt,</span> 
     </span>
     <span class='ocr_line' id='line_1_15' title="bbox 235 2096 1159 2183; baseline -0.004 -19"><span class='ocrx_word' id='word_1_99' title='bbox 235 2112 404 2181; x_wconf 85' lang='lat' dir='ltr'>quaeram</span> <span class='ocrx_word' id='word_1_100' title='bbox 440 2099 605 2180; x_wconf 85' lang='lat' dir='ltr'>studiose,</span> <span class='ocrx_word' id='word_1_101' title='bbox 638 2113 699 2164; x_wconf 88' lang='lat' dir='ltr'>tam</span> <span class='ocrx_word' id='word_1_102' title='bbox 738 2100 834 2183; x_wconf 87' lang='lat' dir='ltr'>longo</span> <span class='ocrx_word' id='word_1_103' title='bbox 864 2097 974 2165; x_wconf 86' lang='lat' dir='ltr'>itinere</span> <span class='ocrx_word' id='word_1_104' title='bbox 990 2096 1159 2181; x_wconf 86' lang='lat' dir='ltr'>persecuti</span> 
     </span>
     <span class='ocr_line' id='line_1_16' title="bbox 234 2214 1158 2298; baseline -0.001 -17"><span class='ocrx_word' id='word_1_105' title='bbox 234 2232 358 2282; x_wconf 88' lang='lat' dir='ltr'>sumus.</span> <span class='ocrx_word' id='word_1_106' title='bbox 413 2216 629 2298; x_wconf 80' lang='lat' dir='ltr'>Assequemur</span> <span class='ocrx_word' id='word_1_107' title='bbox 662 2214 742 2281; x_wconf 89' lang='lat' dir='ltr'>enim</span> <span class='ocrx_word' id='word_1_108' title='bbox 784 2233 842 2297; x_wconf 89' lang='lat' dir='ltr'>pro</span> <span class='ocrx_word' id='word_1_109' title='bbox 874 2214 1024 2295; x_wconf 77' lang='lat' dir='ltr'>scientio,</span> <span class='ocrx_word' id='word_1_110' title='bbox 1065 2232 1158 2295; x_wconf 85' lang='lat' dir='ltr'>quam</span> 
     </span>
     <span class='ocr_line' id='line_1_17' title="bbox 233 2329 1162 2418; baseline -0.002 -20"><span class='ocrx_word' id='word_1_111' title='bbox 233 2332 297 2418; x_wconf 83' lang='lat' dir='ltr'>jam</span> <span class='ocrx_word' id='word_1_112' title='bbox 313 2332 375 2416; x_wconf 79' lang='lat' dir='ltr'>iam</span> <span class='ocrx_word' id='word_1_113' title='bbox 396 2331 490 2398; x_wconf 91' lang='lat' dir='ltr'>nobis</span> <span class='ocrx_word' id='word_1_114' title='bbox 517 2331 657 2416; x_wconf 84' lang='lat' dir='ltr'>attigisse</span> <span class='ocrx_word' id='word_1_115' title='bbox 680 2329 885 2411; x_wconf 88' lang='lat' dir='ltr'>videbamur,</span> <span class='ocrx_word' id='word_1_116' title='bbox 908 2331 1086 2415; x_wconf 88' lang='lat' dir='ltr'>opinionem</span> <span class='ocrx_word' id='word_1_117' title='bbox 1102 2331 1162 2396; x_wconf 90' lang='lat' dir='ltr'>sci·</span> 
     </span>
     <span class='ocr_line' id='line_1_18' title="bbox 235 2445 1162 2530; baseline -0.003 -15"><span class='ocrx_word' id='word_1_118' title='bbox 235 2445 332 2530; x_wconf 83' lang='lat' dir='ltr'>licet,</span> <span class='ocrx_word' id='word_1_119' title='bbox 353 2467 459 2515; x_wconf 89' lang='lat' dir='ltr'>veram</span> <span class='ocrx_word' id='word_1_120' title='bbox 486 2447 570 2513; x_wconf 89' lang='lat' dir='ltr'>forte</span> <span class='ocrx_word' id='word_1_121' title='bbox 594 2448 702 2528; x_wconf 89' lang='lat' dir='ltr'>illam,</span> <span class='ocrx_word' id='word_1_122' title='bbox 735 2462 771 2512; x_wconf 91' lang='lat' dir='ltr'>ut</span> <span class='ocrx_word' id='word_1_123' title='bbox 801 2448 965 2528; x_wconf 85' lang='lat' dir='ltr'>perhibent</span> <span class='ocrx_word' id='word_1_124' title='bbox 987 2447 1057 2526; x_wconf 90' lang='lat' dir='ltr'>illi,</span> <span class='ocrx_word' id='word_1_125' title='bbox 1079 2462 1162 2512; x_wconf 89' lang='lat' dir='ltr'>certe</span> 
     </span>
     <span class='ocr_line' id='line_1_19' title="bbox 233 2561 1163 2648; baseline 0 -19"><span class='ocrx_word' id='word_1_126' title='bbox 233 2562 430 2648; x_wconf 76' lang='lat' dir='ltr'>probabilem</span> <span class='ocrx_word' id='word_1_127' title='bbox 462 2576 494 2628; x_wconf 94' lang='lat' dir='ltr'>et</span> <span class='ocrx_word' id='word_1_128' title='bbox 517 2563 585 2629; x_wconf 89' lang='lat' dir='ltr'>veri</span> <span class='ocrx_word' id='word_1_129' title='bbox 612 2561 819 2640; x_wconf 83' lang='lat' dir='ltr'>simillimam,</span> <span class='ocrx_word' id='word_1_130' title='bbox 841 2562 898 2627; x_wconf 91' lang='lat' dir='ltr'>sed</span> <span class='ocrx_word' id='word_1_131' title='bbox 919 2565 1084 2648; x_wconf 81' lang='lat' dir='ltr'>opinionem</span> <span class='ocrx_word' id='word_1_132' title='bbox 1118 2578 1163 2629; x_wconf 85' lang='lat' dir='ltr'>ta·</span> 
     </span>
     <span class='ocr_line' id='line_1_20' title="bbox 239 2665 1165 2760; baseline 0.001 -19"><span class='ocrx_word' id='word_1_133' title='bbox 239 2692 334 2755; x_wconf 89' lang='lat' dir='ltr'>rnen,</span> <span class='ocrx_word' id='word_1_134' title='bbox 356 2692 436 2756; x_wconf 92' lang='lat' dir='ltr'>quae</span> <span class='ocrx_word' id='word_1_135' title='bbox 455 2673 529 2738; x_wconf 88' lang='lat' dir='ltr'>item</span> <span class='ocrx_word' id='word_1_136' title='bbox 557 2665 725 2740; x_wconf 86' lang='lat' dir='ltr'>esse&#39;falsa</span> <span class='ocrx_word' id='word_1_137' title='bbox 750 2690 869 2759; x_wconf 77' lang='lat' dir='ltr'>potest.</span> <span class='ocrx_word' id='word_1_138' title='bbox 911 2677 1085 2742; x_wconf 88' lang='lat' dir='ltr'>Redeamus</span> <span class='ocrx_word' id='word_1_139' title='bbox 1105 2678 1165 2760; x_wconf 66' lang='lat' dir='ltr'>igi·</span> 
     </span>
     <span class='ocr_line' id='line_1_21' title="bbox 170 2786 1165 2882; baseline 0.003 -28"><span class='ocrx_word' id='word_1_140' title='bbox 170 2866 177 2882; x_wconf 27' lang='grc' dir='ltr'>ι</span> <span class='ocrx_word' id='word_1_141' title='bbox 238 2800 293 2854; x_wconf 89' lang='lat' dir='ltr'>tur</span> <span class='ocrx_word' id='word_1_142' title='bbox 315 2788 348 2854; x_wconf 93' lang='lat' dir='ltr'>in</span> <span class='ocrx_word' id='word_1_143' title='bbox 371 2789 432 2854; x_wconf 90' lang='lat' dir='ltr'>hoe</span> <span class='ocrx_word' id='word_1_144' title='bbox 452 2786 539 2854; x_wconf 82' lang='lat' dir='ltr'>exitu</span> <span class='ocrx_word' id='word_1_145' title='bbox 559 2788 791 2869; x_wconf 87' lang='lat' dir='ltr'>disquisitionis</span> <span class='ocrx_word' id='word_1_146' title='bbox 821 2802 947 2856; x_wconf 89' lang='lat' dir='ltr'>nostrae</span> <span class='ocrx_word' id='word_1_147' title='bbox 977 2792 1016 2855; x_wconf 89' lang='lat' dir='ltr'>ad</span> <span class='ocrx_word' id='word_1_148' title='bbox 1038 2793 1165 2874; x_wconf 86' lang='lat' dir='ltr'>sophis·</span> 
     </span>
     <span class='ocr_line' id='line_1_22' title="bbox 149 2901 1165 2989; baseline 0.004 -20"><span class='ocrx_word' id='word_1_149' title='bbox 149 2949 152 2953; x_wconf 79' lang='lat'><strong>.</strong></span> <span class='ocrx_word' id='word_1_150' title='bbox 238 2916 341 2970; x_wconf 76' lang='lat' dir='ltr'>terum</span> <span class='ocrx_word' id='word_1_151' title='bbox 369 2901 495 2975; x_wconf 87' lang='lat' dir='ltr'>illorum</span> <span class='ocrx_word' id='word_1_152' title='bbox 521 2902 733 2986; x_wconf 88' lang='lat' dir='ltr'>similiumque</span> <span class='ocrx_word' id='word_1_153' title='bbox 756 2904 1018 2989; x_wconf 87' lang='lat' dir='ltr'>philosophorum</span> <span class='ocrx_word' id='word_1_154' title='bbox 1047 2908 1165 2973; x_wconf 89' lang='lat' dir='ltr'>doctri·</span> 
     </span>
     <span class='ocr_line' id='line_1_23' title="bbox 238 3018 1163 3106; baseline 0.008 -19"><span class='ocrx_word' id='word_1_155' title='bbox 238 3036 308 3087; x_wconf 83' lang='lat' dir='ltr'>nes.</span> <span class='ocrx_word' id='word_1_156' title='bbox 360 3019 395 3087; x_wconf 87' lang='lat' dir='ltr'>si</span> <span class='ocrx_word' id='word_1_157' title='bbox 431 3018 633 3105; x_wconf 85' lang='lat' dir='ltr'>probabiliter</span> <span class='ocrx_word' id='word_1_158' title='bbox 662 3039 727 3088; x_wconf 91' lang='lat' dir='ltr'>non</span> <span class='ocrx_word' id='word_1_159' title='bbox 760 3036 905 3106; x_wconf 76' lang='lat' dir='ltr'>mutum,</span> <span class='ocrx_word' id='word_1_160' title='bbox 944 3024 999 3091; x_wconf 90' lang='lat' dir='ltr'>sed</span> <span class='ocrx_word' id='word_1_161' title='bbox 1019 3044 1092 3093; x_wconf 84' lang='lat' dir='ltr'>vere</span> <span class='ocrx_word' id='word_1_162' title='bbox 1124 3027 1163 3094; x_wconf 83' lang='lat' dir='ltr'>de</span> 
     </span>
     <span class='ocr_line' id='line_1_24' title="bbox 243 3136 1163 3224; baseline 0.004 -19"><span class='ocrx_word' id='word_1_163' title='bbox 243 3136 394 3224; x_wconf 86' lang='lat' dir='ltr'>opinione</span> <span class='ocrx_word' id='word_1_164' title='bbox 413 3136 531 3206; x_wconf 85' lang='lat' dir='ltr'>dixisse</span> <span class='ocrx_word' id='word_1_165' title='bbox 555 3136 768 3221; x_wconf 81' lang='lat' dir='ltr'>videbuntur,</span> <span class='ocrx_word' id='word_1_166' title='bbox 789 3140 992 3208; x_wconf 75' lang='lat' dir='ltr'>assentiemur</span> <span class='ocrx_word' id='word_1_167' title='bbox 1011 3140 1070 3207; x_wconf 83' lang='lat' dir='ltr'>iis:</span> <span class='ocrx_word' id='word_1_168' title='bbox 1093 3162 1163 3209; x_wconf 88' lang='lat' dir='ltr'>nam</span> 
     </span>
     <span class='ocr_line' id='line_1_25' title="bbox 242 3252 1165 3341; baseline 0.003 -18"><span class='ocrx_word' id='word_1_169' title='bbox 242 3256 331 3341; x_wconf 89' lang='lat' dir='ltr'>quod</span> <span class='ocrx_word' id='word_1_170' title='bbox 355 3256 481 3324; x_wconf 89' lang='lat' dir='ltr'>videtur</span> <span class='ocrx_word' id='word_1_171' title='bbox 505 3252 699 3325; x_wconf 80' lang='lat' dir='ltr'>verissimum</span> <span class='ocrx_word' id='word_1_172' title='bbox 723 3274 789 3323; x_wconf 89' lang='lat' dir='ltr'>tum</span> <span class='ocrx_word' id='word_1_173' title='bbox 815 3256 961 3340; x_wconf 88' lang='lat' dir='ltr'>quidem,</span> <span class='ocrx_word' id='word_1_174' title='bbox 982 3257 1011 3323; x_wconf 91' lang='lat' dir='ltr'>si</span> <span class='ocrx_word' id='word_1_175' title='bbox 1037 3260 1165 3326; x_wconf 87' lang='lat' dir='ltr'>seientia</span> 
     </span>
     <span class='ocr_line' id='line_1_26' title="bbox 242 3370 1167 3456; baseline 0.003 -16"><span class='ocrx_word' id='word_1_176' title='bbox 242 3373 329 3440; x_wconf 81' lang='lat' dir='ltr'>nulls</span> <span class='ocrx_word' id='word_1_177' title='bbox 351 3372 418 3454; x_wconf 88' lang='lat' dir='ltr'>sit,</span> <span class='ocrx_word' id='word_1_178' title='bbox 439 3370 531 3438; x_wconf 88' lang='lat' dir='ltr'>unice</span> <span class='ocrx_word' id='word_1_179' title='bbox 553 3373 797 3456; x_wconf 87' lang='lat' dir='ltr'>amplectendum</span> <span class='ocrx_word' id='word_1_180' title='bbox 818 3372 900 3456; x_wconf 86' lang='lat' dir='ltr'>erit;</span> <span class='ocrx_word' id='word_1_181' title='bbox 922 3373 972 3440; x_wconf 90' lang='lat' dir='ltr'>sin</span> <span class='ocrx_word' id='word_1_182' title='bbox 995 3392 1071 3441; x_wconf 87' lang='lat' dir='ltr'>vero</span> <span class='ocrx_word' id='word_1_183' title='bbox 1095 3394 1167 3443; x_wconf 90' lang='lat' dir='ltr'>sen·</span> 
     </span>
     <span class='ocr_line' id='line_1_27' title="bbox 141 3485 1168 3572; baseline 0.005 -16"><span class='ocrx_word' id='word_1_184' title='bbox 141 3539 144 3546; x_wconf 84' lang='lat'>.</span> <span class='ocrx_word' id='word_1_185' title='bbox 239 3488 371 3556; x_wconf 86' lang='lat' dir='ltr'>tentiam</span> <span class='ocrx_word' id='word_1_186' title='bbox 396 3485 489 3552; x_wconf 87' lang='lat' dir='ltr'>nobis</span> <span class='ocrx_word' id='word_1_187' title='bbox 514 3506 601 3554; x_wconf 90' lang='lat' dir='ltr'>suam</span> <span class='ocrx_word' id='word_1_188' title='bbox 624 3508 690 3556; x_wconf 91' lang='lat' dir='ltr'>non</span> <span class='ocrx_word' id='word_1_189' title='bbox 715 3490 944 3572; x_wconf 86' lang='lat' dir='ltr'>persuaserint,</span> <span class='ocrx_word' id='word_1_190' title='bbox 973 3491 1017 3558; x_wconf 83' lang='lat' dir='ltr'>id·</span> <span class='ocrx_word' id='word_1_191' title='bbox 1035 3493 1168 3561; x_wconf 84' lang='lat' dir='ltr'>lucrabi-</span> 
     </span>
     <span class='ocr_line' id='line_1_28' title="bbox 248 3581 1167 3691; baseline 0.011 -21"><span class='ocrx_word' id='word_1_192' title='bbox 248 3622 337 3684; x_wconf 84' lang='lat' dir='ltr'>mur,</span> <span class='ocrx_word' id='word_1_193' title='bbox 360 3615 397 3667; x_wconf 91' lang='lat' dir='ltr'>ut</span> <span class='ocrx_word' id='word_1_194' title='bbox 423 3602 582 3673; x_wconf 87' lang='lat' dir='ltr'>seientiam</span> <span class='ocrx_word' id='word_1_195' title='bbox 608 3607 646 3674; x_wconf 87' lang='lat' dir='ltr'>ab</span> <span class='ocrx_word' id='word_1_196' title='bbox 675 3606 844 3690; x_wconf 89' lang='lat' dir='ltr'>opinione,</span> <span class='ocrx_word' id='word_1_197' title='bbox 867 3612 953 3691; x_wconf 88' lang='lat' dir='ltr'>quod</span> <span class='ocrx_word' id='word_1_198' title='bbox 972 3610 1065 3677; x_wconf 88' lang='lat' dir='ltr'>nobis</span> <span class='ocrx_word' id='word_1_199' title='bbox 1084 3581 1167 3680; x_wconf 86' lang='lat' dir='ltr'>nunc</span> 
     </span>
     <span class='ocr_line' id='line_1_29' title="bbox 243 3717 1169 3816; baseline 0.013 -32"><span class='ocrx_word' id='word_1_200' title='bbox 243 3717 442 3805; x_wconf 82' lang='lat' dir='ltr'>potissimum</span> <span class='ocrx_word' id='word_1_201' title='bbox 466 3724 618 3805; x_wconf 75' lang='lat' dir='ltr'>egendum</span> <span class='ocrx_word' id='word_1_202' title='bbox 644 3741 715 3791; x_wconf 85' lang='lat' dir='ltr'>esse</span> <span class='ocrx_word' id='word_1_203' title='bbox 740 3724 907 3807; x_wconf 83' lang='lat' dir='ltr'>duximus,</span> <span class='ocrx_word' id='word_1_204' title='bbox 929 3745 1012 3795; x_wconf 90' lang='lat' dir='ltr'>recte</span> <span class='ocrx_word' id='word_1_205' title='bbox 1028 3730 1169 3816; x_wconf 72' lang='lat' dir='ltr'>didiemi-</span> 
     </span>
     <span class='ocr_line' id='line_1_30' title="bbox 247 3836 1169 3930; baseline 0.003 -23"><span class='ocrx_word' id='word_1_206' title='bbox 247 3855 318 3914; x_wconf 77' lang='lat' dir='ltr'>mps</span> <span class='ocrx_word' id='word_1_207' title='bbox 343 3836 555 3922; x_wconf 73' lang='lat' dir='ltr'>distinguere:</span> <span class='ocrx_word' id='word_1_208' title='bbox 579 3855 646 3910; x_wconf 87' lang='lat' dir='ltr'>tum</span> <span class='ocrx_word' id='word_1_209' title='bbox 670 3859 747 3908; x_wconf 88' lang='lat' dir='ltr'>vero</span> <span class='ocrx_word' id='word_1_210' title='bbox 767 3842 924 3913; x_wconf 87' lang='lat' dir='ltr'>nobismet</span> <span class='ocrx_word' id='word_1_211' title='bbox 944 3842 1020 3926; x_wconf 90' lang='lat' dir='ltr'>ipsis</span> <span class='ocrx_word' id='word_1_212' title='bbox 1043 3860 1169 3930; x_wconf 83' lang='lat' dir='ltr'>persua·</span> 
     </span>
     <span class='ocr_line' id='line_1_31' title="bbox 248 3952 1170 4042; baseline 0.007 -18"><span class='ocrx_word' id='word_1_213' title='bbox 248 3952 380 4024; x_wconf 77' lang='lat' dir='ltr'>serimus</span> <span class='ocrx_word' id='word_1_214' title='bbox 408 3956 521 4038; x_wconf 85' lang='lat' dir='ltr'>plene,</span> <span class='ocrx_word' id='word_1_215' title='bbox 544 3975 640 4042; x_wconf 81' lang='lat' dir='ltr'>unum</span> <span class='ocrx_word' id='word_1_216' title='bbox 665 3977 741 4027; x_wconf 80' lang='lat' dir='ltr'>esse</span> <span class='ocrx_word' id='word_1_217' title='bbox 762 3957 1001 4042; x_wconf 76' lang='lat' dir='ltr'>philosophiae,</span> <span class='ocrx_word' id='word_1_218' title='bbox 1022 3959 1170 4039; x_wconf 61' lang='lat' dir='ltr'>modar-</span> 
     </span>
     <span class='ocr_line' id='line_1_32' title="bbox 268 4096 1169 4164; baseline 0.001 -16"><span class='ocrx_word' id='word_1_219' title='bbox 268 4097 271 4102; x_wconf 84' lang='grc'>’</span> <span class='ocrx_word' id='word_1_220' title='bbox 1106 4096 1169 4164; x_wconf 87' lang='lat' dir='ltr'>que</span> 
     </span>
    </p>
   </div>
   <div class='ocr_carea' id='block_1_4' title="bbox 0 0 1464 5168">
    <p class='ocr_par' dir='ltr' id='par_1_4' title="bbox 0 0 1464 5168">
     <span class='ocr_line' id='line_1_33' title="bbox 0 0 1464 5168; baseline 0 0"><span class='ocrx_word' id='word_1_221' title='bbox 0 0 1464 5168; x_wconf 95' lang='lat' dir='ltr'> </span> 
     </span>
    </p>
   </div>
  </div>
 </body>
</html>
