2896 5168
388 683 466 744 sime
486 675 696 762 philosophus
716 679 755 744 de
776 679 837 743 lroc
858 678 973 764 placito
996 677 1080 764 agit,
1108 679 1154 745 ibi
1183 679 1316 749 maxime

388 797 469 863 idem
498 809 592 877 atque
621 795 729 860 intime
759 808 897 861 naturam
935 795 1098 860 humanam
1134 795 1311 880 investigat.

385 914 439 981 Ex
458 930 564 978 amore
581 912 680 989 adeo,
708 910 763 992 qui
783 915 893 976 natura
913 911 1008 977 uobis
1031 911 1136 991 inest,
1157 909 1314 978 immorta-

382 1031 498 1097 litatem
513 1029 607 1095 animi
622 1029 748 1095 deducit
761 1031 844 1111 apud
862 1029 1019 1096 Platonem
1037 1028 1191 1092 Diotitne.
1216 1028 1316 1114 Quod

382 1146 460 1212 mihi
490 1146 614 1229 quidem
639 1145 704 1210 fere
723 1145 825 1210 visum
848 1160 897 1211 est
918 1144 1134 1228 gravissimum
1158 1163 1227 1210 esse
1249 1146 1317 1227 pla·

383 1264 439 1328 citi
466 1281 701 1346 argumentum,
733 1282 919 1345 quamquam
943 1260 1007 1328 fere
1026 1261 1064 1327 ab
1089 1259 1314 1345 interpretibus

384 1381 559 1465 neglectum
581 1392 642 1446 est.
684 1378 765 1444 Naru
789 1392 978 1461 postquam,
1000 1376 1078 1459 quid
1098 1395 1187 1443 amor
1207 1392 1316 1461 esset,

386 1496 596 1580 exquisiverat
624 1496 729 1561 divina
759 1494 892 1578 mulier,
923 1494 955 1560 id
984 1497 1115 1564 maxime
1136 1493 1168 1562 in
1189 1513 1228 1562 eo
1249 1494 1315 1561 ani·

386 1613 574 1697 madvertit,
601 1631 666 1679 non
694 1614 799 1679 solum
826 1611 998 1696 appetitum
1030 1613 1063 1679 in
1091 1610 1218 1680 homine
1244 1630 1314 1681 esse

330 1768 333 1772 ·
386 1733 488 1818 pulcri
507 1747 541 1799 et
561 1731 662 1814 boni,
682 1732 737 1797 sed
758 1730 847 1795 etiam
864 1731 925 1795 hoe
942 1748 1012 1797 eum
1027 1732 1138 1797 natura
1149 1745 1316 1815 appetere,

386 1863 423 1918 ut
453 1870 489 1917 ea
518 1848 613 1915 uobis
644 1849 790 1915 diuturna
822 1861 854 1912 et
884 1848 1073 1931 sempiterna
1104 1848 1180 1912 sint.
1223 1847 1317 1916 Unde

386 1968 499 2046 efficit,
517 1985 652 2032 amorem
670 1966 700 2030 in
716 1963 811 2029 nobis
822 1966 1072 2030 immortalitatis
1082 1982 1152 2029 esse
1163 1964 1315 2031 studium.

385 2093 568 2165 ’mannaim
588 2087 643 2175 δὲ,
668 2085 702 2150 ἐκ
723 2085 828 2150 τούτου
848 2083 1033 2162 τοῦλόγου,
1054 2084 1105 2150 καὶ
1126 2090 1180 2159 τῆς
1200 2083 1314 2151 diana·

370 2205 453 2276 olore
484 2204 534 2269 τὸν
562 2201 657 2282 ἔρωτα
687 2197 772 2266 εἶναι.
794 2194 836 2263 (¹)
891 2197 987 2282 Quod
1012 2195 1314 2277 utPla10‚itadi·

383 2315 498 2383 sentius
528 2317 617 2380 eriam
651 2330 762 2398 postea
792 2315 931 2395 Cicero,
961 2333 978 2379 e
1003 2313 1119 2398 gloriae
1149 2313 1311 2398 appetitu,

386 2433 440 2517 qni
458 2430 577 2497 homini
599 2433 703 2511 inest,
726 2430 883 2514 probavit.
906 2427 948 2500 (2)

426 2551 540 2615 Valent
572 2550 647 2613 hacc
677 2551 716 2615 ad
736 2550 851 2633 justam
880 2548 1040 2616 doctrinae
1071 2551 1110 2615 tle
1139 2547 1311 2615 animorum

384 2668 611 2734 immortalitate
641 2666 945 2751 interpretationem:
980 2685 1037 2733 nec
1067 2686 1143 2731 vero
1175 2678 1312 2748 praetet-

385 2784 542 2850 mittamus
564 2784 712 2867 silentio,
737 2785 796 2850 allai
821 2785 898 2850 hanc
920 2784 1068 2849 methodo
1088 2784 1126 2848 ab
1147 2782 1311 2866 antiquis,

382 2919 507 2967 cettea
538 2901 687 2980 Platone,
730 2903 788 2967 aliu
813 2922 830 2966 a
857 2903 1083 2968 recentioribus
1111 2900 1311 2984 philosophis

383 3019 557 3102 explicitam
588 3038 667 3084 esse.
721 3019 762 3083 lli
789 3017 853 3082 fere
875 3017 1066 3101 syllogismis
1088 3014 1310 3082 connectendis

381 3151 412 3201 et
433 3150 654 3217 geometrarum
682 3155 789 3213 more,
824 3135 901 3216 quiri
930 3134 1022 3201 etiam
1052 3135 1090 3200 ad
1119 3133 1311 3199 mathemati·

380 3271 447 3317 cam
476 3251 660 3317 evidentiam
688 3265 719 3315 et
745 3257 919 3336 riuprtirlro,
942 3270 1004 3315 rem
1027 3269 1184 3332 exponere
1205 3265 1236 3316 et
1256 3253 1310 3317 de·

382 3385 555 3434 monstrare
581 3366 682 3431 annisi
717 3385 810 3434 sunta
844 3369 930 3449 quod
960 3344 1155 3447 iniuriam,
1187 3368 1241 3450 qui
1275 3367 1308 3434 in

381 3484 489 3568 primis
505 3485 662 3549 Platonem
683 3485 932 3564 admirabantur,
950 3500 984 3548 ut
1003 3504 1034 3549 u.
1045 3503 1073 3553 c.
1086 3485 1199 3552 Moses
1214 3486 1308 3552 Men·

381 3601 442 3667 deli
461 3600 565 3679 filius,
590 3599 783 3665 factitarunt.
831 3602 922 3666 Plato
940 3619 1036 3684 vero,
1056 3603 1217 3669 socratica
1232 3621 1309 3668 usus

380 3703 553 3795 methodo,
578 3733 633 3796 per
662 3719 828 3795 ἐπαγωγὴν
856 3734 914 3779 nus
942 3714 981 3779 ad
1008 3715 1051 3781 rei
1074 3717 1308 3799 persuasionem

1251 3832 1310 3900 du·

420 4008 463 4080 (s)
484 4012 577 4080 Symp.
595 4026 655 4078 ²⁰7·
673 4013 708 4062 A.
758 4009 800 4079 (a)
829 4011 927 4080 Symp·
942 4010 1002 4066 ποθ.
1018 4007 1053 4065 C.
1088 4008 1151 4063 Cic.
1169 4026 1225 4080 pro
1247 4009 1308 4062 Ar·

384 4104 449 4159 enta
462 4121 487 4159 e·
504 4118 535 4161 n
555 4113 579 4162 ὰ
596 4121 638 4160 aa·
668 4102 714 4161 ct.
732 4103 787 4158 filii
800 4104 855 4159 mei
874 4108 968 4160 ctum
986 4102 1114 4177 Φιλοκλ.
1133 4104 1307 4179 nospltsqq.
