2896 5168
616 459 739 536 -·16s
760 494 803 506 ..

249 636 335 702 Plato
365 636 551 717 cupiditates
581 653 649 698 esse
681 651 820 698 accurare
849 636 1079 716 distinguendas
1101 657 1170 702 cen·

247 754 326 822 suit.
372 755 477 840 Quum
511 753 549 816 de
577 752 696 817 ratione
723 753 949 834 quaerebatur,
980 758 1173 834 quemadmo-

251 870 324 933 dum
347 888 386 933 ex
407 867 595 950 oligatchico
618 870 743 933 homine
771 871 993 934 democraticus
1024 872 1174 951 oriretur,

251 984 282 1047 in
313 984 499 1048 necessarias
528 986 594 1049 illas
622 999 652 1049 et
681 1004 744 1049 non
765 987 951 1051 necessarias
972 986 1099 1051 divisit:
1123 990 1174 1052 iric

249 1115 350 1164 autern
372 1118 436 1164 nou
456 1101 642 1169 necessarias
665 1103 696 1167 in
718 1109 926 1188 παρανομοῦν,
942 1123 1022 1184 quae
1036 1119 1173 1185 possunt

247 1216 405 1298 wimeri,
434 1232 465 1281 et
490 1223 680 1303 ἰσχυροτέρας
708 1221 964 1298 uehementiores,
995 1219 1173 1302 distinguit.

250 1333 507 1399 Vehementiores
528 1337 620 1400 hasce
643 1337 716 1400 tales
740 1353 808 1401 esse
831 1339 960 1403 maxime
979 1337 1074 1416 dicit,
1098 1356 1174 1418 qua·

249 1453 292 1514 les
318 1449 491 1515 insomnis
520 1451 651 1516 subinde
679 1452 876 1532 excitantur,
905 1453 1030 1531 quando
1056 1453 1175 1533 reliqua

251 1587 322 1650 pars
339 1568 454 1649 animi,
480 1587 559 1647 quae
578 1567 706 1632 rationis
726 1584 774 1632 est
794 1568 947 1649 particeps
963 1587 997 1631 ac
1018 1585 1177 1632 mansueta

252 1681 438 1762 obtinetque
467 1681 940 1764 principatum‚·obdormivit;
972 1685 1021 1746 illa
1051 1699 1176 1763 autem,

253 1816 332 1879 quae
354 1798 493 1861 immanis
512 1815 559 1865 est
580 1818 613 1862 ac
636 1797 722 1878 sera,
743 1802 792 1863 vel
806 1801 881 1863 vino
897 1801 946 1863 vei
958 1799 1030 1863 cibo
1044 1800 1178 1880 repleta,

251 1912 383 1995 trepidat
402 1913 575 1994 abactoque
595 1933 706 1980 somno
733 1915 858 1998 longius
882 1916 1047 1995 procedere
1071 1915 1177 1978 studet

252 2047 376 2110 auoque
402 2029 528 2110 ingenio
563 2030 759 2112 satisfacere3
804 2045 869 2097 tum
911 2049 986 2095 vero
1023 2031 1096 2094 haee
1132 2032 1178 2095 nii

249 2163 313 2210 non
335 2142 436 2211 fucere
454 2148 601 2213 sustinet.
646 2149 758 2212 Omnia
777 2149 849 2214 huic
872 2150 938 2214 visa
962 2148 1177 2232 objiciuntur,

251 2277 354 2327 mente
372 2281 405 2326 ac
428 2265 546 2328 ratione
565 2284 681 2341 vacua,
713 2280 746 2328 ut
770 2278 914 2328 anteum
942 2282 1037 2329 matre
1059 2283 1176 2346 corpus

250 2379 377 2443 miscere
405 2381 568 2459 videatur,
599 2397 651 2444 aut
676 2400 747 2444 curn
772 2380 887 2461 quovis
906 2381 965 2446 aiio
984 2384 1031 2445 vei
1055 2382 1180 2444 homine

252 2498 300 2561 vel
329 2497 409 2575 deo,
437 2515 529 2577 saepe
560 2496 683 2560 bellua:
715 2512 809 2575 atque
838 2496 926 2560 etiam
954 2497 1106 2560 trucidare
1126 2495 1181 2559 aii·

250 2614 397 2693 quemiet
424 2613 517 2693 impie
543 2627 726 2687 cruentare,
758 2615 916 2692 multaque
936 2611 1035 2676 facere
1058 2613 1180 2692 impure

250 2744 344 2808 atque
372 2722 448 2793 tetre'
473 2746 544 2791 cum
566 2727 849 2806 temeritatemque
871 2727 1077 2808 impudentii.
1122 2731 1177 2793 Pa·

251 2843 412 2921 cethim,
446 2861 536 2922 quam
566 2841 752 2918 vehemens,
783 2860 872 2921 quam
902 2841 1054 2920 immane,
1083 2862 1176 2922 quam

249 2960 350 3021 dirum
377 2959 579 3038 cupiditatum
604 2977 702 3040 genus
729 2958 847 3022 homini
874 2957 965 3023 insit:
991 2957 1022 3022 id
1046 2962 1176 3024 maxime

252 3073 577 3156 animadvertendum,
599 3074 652 3138 ubi
675 3092 777 3137 ortum
807 3076 959 3156 tyrannici
988 3075 1046 3139 viri
1073 3077 1177 3140 consi·

253 3192 406 3256 deranrus.
451 3192 547 3274 Finge
566 3195 733 3276 juvenem,
759 3191 955 3255 democritici
978 3192 1037 3254 viri
1061 3192 1177 3270 filium,

252 3307 392 3371 similiter
414 3322 506 3389 atque
528 3308 627 3389 ipsius
651 3322 794 3388 patrem,
823 3306 928 3371 multis
948 3306 1103 3385 variisque
1124 3325 1179 3370 cu·

253 3422 613 3506 piditatibusagitatum:
637 3423 768 3504 primum
793 3424 917 3503 quidem
940 3423 970 3485 in
987 3442 1094 3486 omnes
1110 3442 1178 3504 par·

254 3554 301 3602 tcs
344 3538 547 3603 distrahetur:
590 3539 699 3602 deinde
730 3556 826 3615 vcro,
868 3555 962 3616 quum
1007 3536 1178 3616 tyrannidis

251 3653 390 3720 fautores
412 3656 635 3718 adolescentem
659 3654 900 3718 existimaverint
921 3653 1059 3716 nonalia
1084 3670 1179 3732 posse

257 3772 375 3835 ratione
402 3769 577 3849 contineri,
603 3789 737 3853 amorem
767 3770 792 3832 ei
818 3770 977 3849 queuuiam
1008 3769 1111 3830 indere
1132 3766 1180 3831 ni-

254 3903 384 3969 tuntur,
411 3890 559 3972 πρνςνὶτνν
585 3895 641 3957 τῶν
665 3892 763 3979 ᾴρνῶν
784 3890 833 3954 καὶ
855 3890 896 3954 rai
918 3884 1022 3967 ἕτοιμαι
1045 3891 1177 3966 diarrut-

255 4009 348 4087 μένων
389 4010 561 4089 irrideatis,
604 4002 772 4087 praesidem
813 4005 988 4066 otiosorum
1018 4018 1112 4082 atque
1145 4003 1181 4063 li-

1141 4115 1185 4177 bi-
