2896 5168
616 461 805 523 ..232-

250 627 310 689 hoc
338 625 454 689 scincet
485 623 637 702 maxime,
666 636 725 703 ut,
748 621 948 705 philosophie
976 622 1043 705 ejus
1066 638 1104 684 ex
1126 608 1177 702 ip'·

249 740 316 806 sius
342 739 467 820 scriptis
492 739 695 821 explicanda,
721 738 808 802 hisce
838 738 880 802 ita
910 737 1002 803 simui
1033 735 1177 802 nonnihil

252 859 329 921 lucis
357 855 556 922 effunderem.
608 832 717 937 ltaque
740 873 800 919 nos
828 855 952 934 adhuc,
980 867 1016 918 ut
1035 853 1177 934 singulos

251 973 450 1038 tractavimus
474 970 692 1055 philosophiae
712 971 887 1035 Platonicae
909 972 1018 1047 iocos,
1045 969 1086 1032 ita
1113 968 1180 1033 sin·

253 1093 325 1173 gula
353 1091 441 1172 ejuS,
466 1108 544 1169 quae
573 1089 645 1152 illuc
675 1087 853 1169 pertinent,
875 1087 1067 1168 dialogorum
1090 1101 1183 1166 gene·

231 1196 313 1285 ¹ra,
334 1207 507 1284 eroticutn,
529 1204 744 1284 dialecticum,
767 1204 954 1285 politicum,
976 1200 1111 1266 ethicum
1145 1199 1184 1263 il·

254 1324 383 1388 lustrare
406 1320 595 1386 studuimus.
660 1322 730 1386 Nec
759 1320 893 1400 dubito,
925 1320 1004 1402 quin
1032 1336 1114 1382 nunc
1143 1317 1184 1383 de

254 1440 377 1505 Timaeo
407 1437 545 1503 Platonis
569 1456 606 1502 eo
637 1437 751 1501 rectius
778 1436 948 1520 judicaturi
974 1432 1093 1515 simus,
1117 1453 1184 1517 quo

258 1555 354 1638 magis
377 1573 498 1620 omnem
520 1554 703 1637 philosophi
725 1555 895 1618 doctrinam
923 1555 961 1618 de
989 1552 1082 1617 rebus
1104 1552 1185 1617 divi-

257 1673 307 1737 nis
334 1688 427 1754 atque
453 1671 595 1737 humanis
624 1671 761 1738 adsecuti
788 1670 952 1736 fuerimus.
1018 1669 1189 1736 Videamus

259 1790 428 1869 continu0,
452 1787 528 1870 quid
556 1807 594 1853 co
624 1789 786 1854 scribendo
805 1803 914 1853 auctor
933 1787 1132 1870 spectaverit.

304 1902 460 1969 Confecta
487 1903 626 1983 Politia,
655 1902 835 1985 scriptoque
863 1903 1030 1984 deinceps,
1053 1918 1087 1966 ut
1108 1903 1189 1967 mihi

261 2020 387 2101 quidem
408 2021 550 2098 videtur,
574 2019 752 2099 Phaedone,
775 2039 857 2103 opus
878 2020 1042 2084 maximnm
1075 2035 1106 2085 et
1132 2040 1190 2102 ap-

260 2152 292 2201 te
324 2155 393 2200 cum
423 2135 544 2200 Politia
575 2137 777 2218 conjunctum
810 2155 974 2217 aggressus
1003 2118 1089 2202 Plato
1117 2152 1190 2205 est:
1263 2202 1267 2209 .

263 2254 349 2334 quod
370 2272 406 2316 ex
434 2254 505 2333 ipso
530 2253 649 2318 Timaei
675 2254 802 2317 exordio
829 2271 924 2336 patet.
988 2254 1069 2319 Nam
1096 2253 1189 2338 fingi-

263 2385 315 2433 tur
344 2369 487 2433 Socrates
510 2386 667 2431 sermones
692 2369 786 2450 illos,
818 2390 899 2450 quos
921 2373 959 2435 cie
978 2372 1065 2455 justo
1087 2374 1191 2453 deque

263 2482 382 2565 optimi
402 2484 528 2549 civitate
550 2502 622 2549 cum
640 2485 823 2566 Glaucone,
847 2488 1016 2553 Adimanto
1043 2489 1191 2555 caeteris·

264 2620 345 2681 que,
379 2600 433 2681 qui
466 2601 648 2682 adfuerant,
690 2603 839 2670 habuerat
869 2607 1054 2690 aliquando,
1088 2609 1192 2689 pridie

264 2717 415 2798 Timae0,
449 2720 589 2797 Critiae,
623 2721 838 2802 Hermocrati,
867 2737 932 2788 trun
960 2723 1049 2788 etiam
1074 2742 1191 2807 quarto

265 2836 410 2915 cuidam,
443 2837 496 2918 qni
521 2857 604 2902 nunc
627 2840 812 2904 valetudinis
840 2844 950 2905 caussa
973 2841 1081 2922 abest,
1103 2860 1197 2907 enar·

265 2971 370 3016 rasse:
396 2952 556 3035 finguntur
579 2955 610 3017 bi
632 2957 723 3036 item,
744 2957 856 3021 tuditis
881 2958 1079 3023 sermonibus
1105 2958 1193 3047 iliis,

268 3067 315 3131 sic
347 3069 531 3133 convenisse
566 3069 645 3134 inter
674 3090 730 3151 se,
767 3087 822 3148 ut,
864 3072 970 3154 prouti
998 3092 1080 3138 nunc
1105 3075 1193 3141 hisce

266 3183 399 3264 dapibus
432 3187 551 3266 excepti
582 3207 599 3250 a
628 3189 753 3253 Socrate
779 3187 924 3270 fuerant,
946 3191 988 3255 ita
1017 3192 1077 3273 ipsi
1108 3212 1195 3257 cras·

267 3301 336 3364 tino
364 3302 413 3364 die
443 3301 511 3365 vice
539 3308 595 3367 sna
623 3307 779 3369 Socratem
813 3305 880 3370 suis
911 3308 1105 3372 sermonibus
1139 3328 1194 3375 ex·

266 3417 387 3499 cepturi
423 3434 539 3484 essent.
592 3421 642 3486 Sic
669 3440 780 3503 nempe
801 3422 1012 3505 accipiendum
1040 3428 1194 3508 prooemii

267 3531 389 3597 initium
420 3552 488 3611 est,
512 3537 598 3616 quod
626 3537 665 3599 ita
694 3556 728 3600 se
752 3537 856 3603 habet.
912 3547 989 3621 Εἷς,
1011 3547 1079 3623 δύο,
1101 3556 1193 3628 τρεῖς·

269 3651 283 3715 ὃ
312 3654 342 3718 δὲ
373 3655 406 3728 δὴ
434 3655 574 3735 τέταρτος
604 3659 690 3735 ἡμῖν,
722 3655 838 3739 ὦφίλε
858 3638 986 3741 Tinctis,
1018 3669 1092 3739 τοῦ,
1132 3672 1191 3732 τῶν

269 3773 339 3850 χθὲς
369 3775 424 3848 μὲν
456 3773 653 3851 δαιτυμόνων,
687 3780 777 3840 τανῦν
807 3779 838 3842 δὲ
866 3779 1039 3861 &turipum
1091 3790 1188 3862 Τνμ.

264 3888 417 3954 ”Ardt'tcroi
445 3914 489 3961 τις
518 3895 599 3971 αὐτῷ
626 3894 804 3968 συνέπεσεν,
834 3893 1046 3978 ὦΣῶκρνιτες·
1076 3905 1108 3968 οὐ
1130 3903 1193 3983 γὰρ

271 3998 398 4087 ᾃνῖἑκὼν
419 4008 507 4077 τῆσδε
530 4010 712 4076 ἀπελείπετο
733 4019 786 4085 τῆς
808 4018 971 4090 συνουσίας.
1023 4028 1092 4083 Σω.
1113 4024 1196 4088 Οὐκ·

1144 4142 1195 4216 νῦν
