2896 5168
475 503 732 568 .-r8r-

157 699 265 767 certe3
299 687 353 750 sed
387 701 540 766 quorsum
575 683 673 750 haec?
702 715 751 734 ···
794 680 870 746 Nou
902 682 1091 765 percepisti,

157 801 362 866 Immortalem
383 819 454 865 esse
476 799 610 864 animum
631 815 774 865 nostrum
795 816 825 861 et
855 818 1011 879 uunquam
1039 817 1092 878 pe·

157 917 244 984 rire?
272 953 319 970 -·
371 917 456 983 Tum
495 932 621 999 repente
659 918 697 982 ad
729 917 886 981 Socratem
917 932 1090 979 conversus

158 1033 303 1112 Glauco,
332 1033 583 1117 admiratusque,
612 1054 668 1117 per
685 1033 819 1117 Jovem,
846 1032 946 1110 dicit,
970 1032 1002 1096 id
1029 1049 1088 1113 ego

158 1168 225 1216 nou
245 1151 391 1233 percepi:
416 1168 451 1218 tu
472 1171 546 1217 vero
565 1151 719 1233 numquid
737 1151 902 1215 ostendere
916 1149 1031 1231 potes?
1045 1150 1088 1219 iri
1110 1126 1113 1131 ⁵

156 1265 239 1332 Hinc
265 1269 407 1332 Socrates
434 1287 473 1334 ert
495 1269 589 1334 animi
611 1269 745 1349 natura,
765 1267 867 1349 qualis
884 1267 958 1348 ipse
978 1285 1033 1350 per
1052 1283 1086 1330 se

152 1383 273 1449 animus
294 1399 364 1463 est,
383 1385 586 1451 immortalem
607 1405 678 1451 eum
699 1404 768 1449 esse
787 1386 994 1449 demonstrat:
1018 1398 1084 1447 tutu

152 1519 229 1566 vero
248 1503 287 1567 de
306 1501 361 1582 vi,
381 1503 485 1567 animo
505 1506 616 1569 natura
636 1501 789 1586 propria,
812 1502 886 1565 haec
908 1499 1084 1584 subjungit.

155 1618 314 1700 Animus,
351 1619 414 1699 ait,
447 1621 548 1700 qualis
577 1620 618 1684 sit
648 1617 801 1697 reveri,
836 1634 870 1682 ut
901 1634 1084 1698 assequare,

148 1750 216 1798 uon
237 1737 427 1818 spectandus
448 1736 542 1800 nobis
564 1752 631 1816 est,
659 1735 766 1816 prouti
794 1753 863 1797 eum
894 1751 976 1797 nuuc
1006 1749 1084 1795 cou-

148 1849 322 1934 spicimus,
348 1851 568 1916 communione
594 1850 738 1932 corporis
766 1848 917 1927 malisque
944 1846 1011 1910 aliis
1034 1845 1081 1909 iu·

149 1965 334 2048 quinatum,
362 1967 417 2032 sed
444 1965 568 2047 qualis,
600 1984 671 2029 curu
701 1984 800 2047 purus
826 1977 930 2043 esset,
963 1960 1078 2038 fuerit,

146 2082 310 2164 diligenter
342 2085 430 2147 decet
459 2083 645 2164 perspicere.
704 2083 768 2166 Qui
800 2082 955 2145 Glaucum
991 2078 1080 2142 urari-

145 2178 220 2264 uum
251 2199 380 2279 vident,
405 2218 469 2264 uon
492 2217 628 2284 possunt
655 2197 745 2264 facile
768 2199 925 2279 antiquam
955 2198 1023 2278 ejus
1047 2210 1078 2260 et

143 2316 304 2400 pristinam
336 2333 475 2382 naturam
512 2318 734 2398 considerare,
767 2335 956 2399 propterea,
987 2316 1074 2397 quod
1160 2358 1165 2373 ·

141 2436 286 2514 antiquae
324 2435 467 2518 corporis
499 2450 600 2516 partes
640 2437 750 2519 partim
792 2433 929 2514 fractae,
971 2436 1072 2498 rartim

141 2551 294 2615 contritae
313 2565 387 2616 suut
409 2564 440 2614 ct
464 2550 503 2614 ab
525 2551 617 2615 undis
646 2554 772 2631 penitus
794 2569 981 2634 corruptae,
1002 2553 1077 2618 alie·

140 2687 243 2750 naque
260 2669 286 2733 ei
307 2668 488 2748 inhaerent,
505 2669 695 2750 conchylia,
721 2669 808 2751 aiga,
834 2670 974 2751 lapides,
1002 2670 1073 2749 qrri·

141 2784 202 2851 bus
236 2784 462 2864 multomagis
494 2783 577 2849 ferae
606 2804 679 2866 prae
710 2804 744 2851 se
784 2785 843 2850 fert
883 2784 1073 2867 imaginem,

139 2918 233 2980 quam
255 2899 403 2980 pristinae
425 2912 551 2963 naturae
574 2900 730 2982 speeiem:
752 2901 797 2965 sic
820 2902 909 2967 etiarn
933 2904 1068 2966 animum

139 3032 198 3078 uos
230 3033 352 3096 semper
382 3014 592 3098 adspicimus,
625 3019 713 3082 maiis
736 3017 906 3085 iuturrucris
928 3021 1072 3104 inquina-

138 3145 219 3195 tum.
262 3135 365 3199 Ἀλλὰ
397 3137 462 3210 δεῖ,
494 3133 515 3201 ὦ
543 3139 708 3213 raedam,
738 3140 834 3206 ἕκεῖνε
862 3143 1002 3222 βλέπειν.
1023 3180 1067 3195 ·-

138 3257 211 3322 ssoi3
232 3281 278 3296 -
312 3253 365 3323 Εἷς
386 3253 439 3327 τὴν
460 3254 643 3334 &adtumulata
664 3259 778 3329 αὐτῆς,
810 3259 860 3322 uxi
883 3260 1005 3336 ἐννοεῖν,
1028 3259 1066 3327 ὧν

135 3363 272 3434 ἅπτεται
292 3369 341 3433 uui
363 3368 424 3436 οἴων
446 3371 567 3450 ἐφίεται
591 3372 730 3448 ὁμιλιῶν,
760 3375 796 3443 ὡς
823 3375 972 3452 §apperire
993 3375 1066 3443 ticet

136 3487 177 3566 τῷ
197 3510 232 3550 τε
261 3487 324 3566 θείῳ
352 3489 402 3551 καὶ
433 3487 571 3579 ἆθνννὶτῳ
602 3489 653 3554 καὶ
679 3487 727 3554 e'ci
760 3488 843 3564 ἕντι,
877 3493 927 3556 καὶ
954 3491 1000 3557 cix
1025 3495 1063 3559 ἂν

135 3603 248 3681 γένοντο
265 3606 306 3685 τῷ
327 3607 446 3684 aaronem
468 3611 556 3670 neira
577 3607 775 3684 ἐπννπρμένν,
798 3609 849 3672 exi
873 3611 929 3674 ὑπὸ
950 3611 1062 3684 exirm

132 3727 187 3794 τῆς
212 3720 301 3800 ὁρμῆς
326 3722 534 3799 ἐκκομισθεῖσα
560 3725 593 3787 ἐκ
613 3728 667 3789 τοῦ
686 3725 813 3797 πόντον,
840 3727 872 3793 ἐν
892 3720 915 3806 ᾧ
933 3731 981 3793 νῦν
1000 3730 1060 3800 ist,

132 3836 182 3902 eati
202 3840 439 3920 περικρουσθεῖσα
461 3839 571 3920 πέτρνς
591 3865 625 3907 rc
647 3842 698 3906 zai
716 3841 825 3922 ἔςρεν,
852 3837 874 3908 ἃ
897 3849 946 3910 νῦν
964 3849 1059 3926 αὐτῇ.
1154 3892 1158 3901 ·

1023 3960 1064 4028 ἅ-

165 4104 209 4175 (ι)
226 4110 358 4180 venep.
378 4109 414 4164 x.
431 4111 492 4167 soa.
511 4111 630 4167 m-u.
686 4119 691 4130 ’
