2896 5168
532 434 707 502 *ῖς-,-

156 605 234 675 ticn·
257 603 390 684 munet,
411 596 604 683 praesuli,
637 596 714 680 quid
747 596 782 663 ia
810 595 949 664 vmiutis
977 597 1084 667 studio

155 736 313 789 summurn
343 729 454 797 esset,
475 716 565 782 abest
595 732 671 783 vcro
693 715 851 793 multum,
873 728 909 780 ut
929 714 1008 780 rllud
1025 714 1087 782 sibl

155 838 298 924 attigisse
318 835 409 903 visus
439 832 493 900 sit.
536 831 584 898 Ut
613 850 680 899 eam
706 831 746 924 ab
771 830 865 897 irritio
888 829 1087 899 adumbravit

157 957 359 1031 universam,
390 947 540 1034 trumo
595 953 643 1027 m
682 955 738 1032 μὲν
782 947 830 1040 „alr
864 954 882 1029 r
913 951 1008 1039 oure
1032 957 1088 1039 vr«
1170 928 1175 937 '

86 1102 88 1107 ·
159 1078 181 1160 ζ
189 1071 434 1154 scorpione
461 1069 630 1158 interim,
660 1065 864 1150 cipum...<¹)
912 1063 1092 1151 Quaerebat

156 1186 320 1256 scientiam
346 1182 453 1265 illam,
495 1201 561 1251 oon
596 1182 760 1251 tractabat.
809 1182 898 1251 Fecit
935 1181 1090 1267 omnino,

157 1304 246 1387 quod
276 1302 353 1385 item
386 1299 563 1380 Socratici,
608 1299 695 1382 quod
730 1297 910 1383 Xenophon
938 1313 972 1368 et
1000 1301 1092 1370 Plato

153 1420 320 1512 fecerant,
341 1437 442 1503 quum
462 1394 633 1502 perfectam
663 1417 695 1482 hi
725 1415 936 1485 monarchiam
954 1436 990 1484 ac
1011 1436 1093 1486 rem·

155 1536 315 1636 publicam
342 1534 575 1615 describerentc
620 1533 666 1602 sic
696 1534 750 1602 ille
781 1535 968 1618 scientiam,
1011 1555 1093 1620 quae

154 1651 419 1735 mathematicae,
441 1668 522 1734 quae
550 1650 723 1733 physicae,
753 1670 834 1735 quae
853 1651 984 1737 caeteris
1004 1671 1094 1737 pcto·
1235 1638 1237 1642 ’

76 1828 79 1833 .
155 1784 255 1838 anret
285 1768 435 1836 omnibus
463 1787 535 1835 cum
559 1767 737 1858 quaesivit,
758 1783 824 1835 tum
850 1768 883 1834 in
908 1789 1005 1854 opere
1022 1775 1090 1857 ml

63 1961 68 1974 ,
128 1894 131 1901 ’
163 1896 222 1957 acis
242 1890 327 1970 μετὰ
340 1872 391 1979 ’τὸ
410 1889 529 1979 Φυσικὰ
550 1884 746 1952 adumbravit
767 1905 802 1968 ac
827 1886 1006 1969 dmcnpsit.

205 2000 271 2071 Sed
306 2002 451 2084 quamvis
486 1987 526 2067 ab
560 2003 739 2086 usurpandi
772 2003 996 2092 tmptanddque
1036 2003 1092 2073 hac

159 2117 270 2187 divim
299 2117 432 2185 selencii
468 2100 655 2189 abstinuerit
690 2121 903 2202 Aristoteles,
947 2122 993 2191 sic
1024 2122 1095 2207 ipse

161 2235 231 2320 ejus
260 2234 429 2317 splendore
458 2248 570 2316 captus
606 2250 639 2300 et
670 2254 858 2308 occoecrtus
891 2238 990 2306 ferme
1020 2255 1093 2323 est,

149 2365 200 2419 -ut
229 2350 326 2416 ullius
359 2350 414 2417 vix
445 2349 630 2434 philosophi
658 2350 817 2418 derebus
844 2353 1095 2436 intelligibilibus

161 2470 347 2540 sententiam
385 2467 580 2554 perspiceret
617 2483 721 2550 recte,
764 2467 877 2550 placita
908 2483 1094 2541 cenerum

161 2573 379 2667 caet'eronrm,
400 2562 467 2652 tum
497 2583 600 2668 ipsius
625 2585 704 2652 adeo
730 2584 870 2670 magistri
897 2585 947 2655 sui
977 2588 1016 2673 ad
1039 2589 1098 2658 hu-

160 2704 216 2790 lus
243 2702 393 2772 scientiae
418 2721 557 2770 normrm
589 2704 857 2789 interpretaretur.
899 2704 983 2783 Nam
1014 2705 1097 2776 idem

162 2809 342 2891 caussarum
374 2819 635 2902 exquirendorum
666 2820 830 2900 studium,
861 2822 950 2905 quod
979 2822 1097 2890 Ionicis

162 2936 366 3024 philosophis
399 2955 435 3001 ac
470 2936 639 3019 Leucippo
668 2951 701 3002 et
732 2937 915 3003 Democrito
946 2941 1099 3008 attribue·

164 3069 235 3137 rat,
255 3053 463 3138 Pythagoreis
487 3052 603 3136 pariter
621 3068 717 3134 atque
742 3053 918 3134 Eleaticis,
940 3054 1003 3121 imo
1030 3059 1097 3126 Pla·

165 3170 237 3254 toni
263 3167 424 3239 obtrusit:
448 3168 538 3253 quasi
563 3173 700 3236 numeris
718 3168 763 3235 illi
789 3169 978 3253 placitisque
996 3173 1037 3239 de
1055 3192 1096 3242 eo

167 3289 257 3377 quod
286 3303 355 3371 est,
376 3301 409 3355 et
430 3285 521 3371 quasi
540 3285 616 3353 idcir
646 3287 735 3353 Plato
763 3306 866 3354 rerum
889 3308 1014 3356 caussas
1035 3290 1100 3378 sig·

165 3407 345 3474 uilicassets
368 3406 457 3489 quod
477 3406 692 3474 demonstrare
711 3421 877 3490 amunte,
897 3407 1039 3476 adductis
1055 3428 1095 3479 ex

166 3519 241 3604 ipso
266 3521 398 3588 Platone
426 3522 526 3601 locis,
547 3521 580 3591 in
600 3523 710 3589 eodem
737 3523 799 3589 boc
819 3523 859 3592 da
878 3525 1098 3615 Meiaphyricd

168 3652 266 3722 opere
290 3649 424 3703 conatus
450 3652 501 3705 eat
520 3641 580 3708 (α).
630 3640 739 3708 Simile
763 3644 997 3725 quodmrmodo
1024 3660 1098 3715 aute

50 3810 52 3814 .
135 3773 138 3777 ’
166 3753 373 3825 Aristotelem
397 3755 586 3842 Bruttedius
614 3759 778 3846 negotium
804 3757 933 3845 fuerat,
969 3762 1026 3846 qni
1050 3763 1098 3833 sic

159 3950 167 3959 ,
1038 3880 1099 3950 So·

205 4006 354 4084 (arrha.
370 4008 578 4082 usupare.
641 4010 737 4086 <nu
757 4011 1039 4085 cpia-nara·
