2896 5168
635 437 824 508 ..„0-

312 597 373 664 Sed
396 601 553 680 expiorata
580 598 621 662 ita
651 599 682 663 in
709 619 829 665 omnem
853 618 990 682 partem,
1014 603 1189 673 adhibenda

269 715 301 781 in
322 715 430 798 primis
452 716 613 779 civitatum
640 716 792 799 imagine,
821 724 930 784 natura
957 719 1115 803 humana,
1137 741 1190 787 ac·

264 832 432 897 cedendum
461 851 498 895 eo
527 832 647 895 tandem
672 832 830 897 existimat
850 834 1014 913 Socrates,
1034 853 1099 916 quo
1121 855 1188 901 orn·

266 950 316 1014 nis
339 951 412 1013 liaec
439 947 569 1011 tetendit
590 947 785 1028 disputatio,
809 963 863 1026 ut,
891 968 969 1028 quae
988 949 1128 1033 justitiae
1144 952 1187 1016 sit

263 1084 299 1130 nc
325 1067 404 1129 vitae
433 1064 537 1127 beatae
564 1064 667 1143 ratio,
692 1065 901 1143 exquiramus.
946 1066 1018 1150 Qua
1037 1066 1076 1131 de
1099 1085 1133 1132 re
1153 1082 1188 1132 ut

261 1181 461 1266 pronunciari
480 1182 646 1261 aliquando
673 1198 755 1245 recte
782 1199 916 1263 vereque
935 1182 1061 1267 possit,
1078 1185 1189 1269 justis·

262 1299 374 1364 simum
397 1298 516 1361 tandem
545 1297 643 1359 virum
671 1317 741 1361 cum
769 1298 990 1381 injustissimo.
1005 1300 1187 1370 committit.

325 1534 420 1599 Uter
441 1531 592 1596 tandem
613 1533 788 1600 beatior?
821 1531 1012 1615 Jurtusne
1029 1535 1120 1616 ille,

259 1673 308 1716 an
350 1656 509 1717 omnium
549 1650 608 1715 hic
649 1649 837 1716 hominum
878 1651 1184 1734 injustiisimus,

157 1744 160 1748 ¹
430 1775 441 1793 ⁴
546 1770 776 1851 tyrannicus
804 1769 898 1835 uir?

245 2012 253 2030 ·
299 2003 379 2066 liiuci
407 2003 558 2066 continuo
588 2003 754 2066 tenendum
786 2021 893 2071 censet
914 2004 1081 2087 Socrates,
1116 2021 1182 2070 non

256 2116 390 2201 speciem
411 2133 589 2199 externam,
608 2120 662 2183 sed
680 2118 856 2184 interiorem
876 2120 1087 2185 conditionem
1104 2122 1185 2205 justi

256 2235 428 2318 injustique
448 2232 508 2296 viri
526 2233 778 2298 considerandam
802 2253 883 2301 esse.
934 2236 969 2300 Si
991 2235 1182 2317 tyrannicam

253 2352 429 2430 civitatem,
462 2351 586 2431 inquit,
612 2368 801 2431 cognoscere
831 2351 987 2434 velimus,
1019 2370 1085 2416 non
1114 2353 1182 2437 ejus

256 2444 390 2550 speciem
419 2466 671 2546 adornabimur,
687 2467 724 2531 ad
745 2470 847 2533 solum
868 2484 1034 2550 tyrannum
1055 2469 1182 2551 respici·

254 2601 342 2651 entes
360 2602 414 2650 aut
432 2587 469 2650 ad
489 2602 542 2648 eos
566 2604 704 2664 paucos,
737 2585 880 2666 quicum
904 2604 942 2649 eo
963 2605 1064 2651 rerum
1086 2584 1182 2670 potiti

254 2699 348 2782 sunt3
374 2703 449 2781 sed,
473 2716 507 2764 ιιι
530 2701 639 2778 decet,
669 2719 790 2766 ornnem
813 2708 936 2783 penitus
954 2702 1110 2769 civitatem
1133 2703 1181 2768 in·

253 2819 377 2902 gressi,
400 2819 600 2882 lustrabimus
621 2819 742 2901 singula
765 2833 795 2882 et
819 2819 856 2881 ad
882 2833 993 2885 cuncta
1017 2820 1178 2885 conversis

252 2937 374 3014 oculis,
406 2935 539 3000 feremus
570 2936 766 3000 sententiam.
810 2936 925 3001 Pariter
943 2939 982 3002 ad
1002 2939 1102 3003 virum
1128 2953 1182 3022 ty·

252 3051 410 3117 rannicum
440 3052 711 3134 cognoscendum,
741 3051 784 3114 ilii
805 3053 1045 3133 permittendum
1064 3054 1177 3138 judici·

251 3189 325 3249 um,
350 3168 404 3250 qui
433 3168 623 3251 cogitatione
644 3187 678 3231 se
699 3167 800 3248 possit
827 3167 858 3230 in
886 3167 1020 3232 hominis
1045 3182 1176 3234 mentem

248 3286 426 3366 insinuare,
448 3286 578 3368 ejusque
596 3302 697 3347 mores
719 3283 848 3348 interius
873 3285 1065 3383 perspicere:
1086 3303 1175 3365 non,

252 3403 328 3484 qui,
351 3416 387 3466 ut
411 3400 501 3482 pueri
524 3404 648 3480 solent,
677 3401 828 3464 exteriora
856 3400 980 3465 intuens
1007 3403 1177 3486 obstupes-

249 3537 322 3598 cat,
354 3538 450 3599 quum
473 3518 660 3600 tyrannicam
691 3518 771 3581 illam
802 3517 932 3599 adspicit
964 3538 1110 3601 pompam
1144 3534 1175 3584 ct

251 3635 527 3718 magnificentiam,
556 3636 593 3698 ad
621 3653 711 3714 quam
741 3632 785 3699 iili
812 3653 887 3700 sese·
909 3637 993 3719 apud
1019 3656 1096 3717 eos,
1119 3639 1176 3720 qui

251 3768 374 3817 externa
397 3764 559 3833 spectant,
582 3750 741 3832 effingunt.
761 3751 804 3820 (Ι)
846 3754 972 3838 Quibus
992 3754 1108 3836 dictis,
1124 3757 1177 3842 ju-

251 3869 364 3934 dicium
385 3871 529 3934 Socrates
550 3888 621 3932 curu
643 3868 812 3937 Adimantn
831 3872 994 3951 utriusque
1012 3890 1082 3936 cum
1100 3871 1176 3937 civi·

1130 4003 1176 4053 ta-

282 4090 323 4160 (1)
343 4094 384 4142 De
401 4094 473 4159 rtaep.
491 4090 544 4142 lx.
560 4089 620 4159 576.
640 4090 676 4142 D.
