2896 5168
749 434 947 497 -174-

380 596 422 663 dn
441 597 556 664 habere
566 616 618 664 eas
628 614 751 680 semper
774 593 912 675 dicitur,
935 594 1022 675 quod
1044 597 1213 681 possidet,
1235 620 1317 686 qum

380 708 545 781 dammodo
573 733 650 781 vero
672 714 789 777 nullam
812 712 946 790 habere,
968 715 1025 778 sed
1054 711 1234 782 facultatem
1267 718 1318 802 ip·

381 833 409 897 si
435 835 468 899 in
493 852 546 899 eas
570 850 664 912 esse,
695 846 755 910 ut,
777 847 998 914 quamcunque
1025 830 1189 914 voluerit,
1209 833 1314 916 capiat

380 951 577 1031 habeatque,
600 965 775 1028 rursusque
807 948 968 1029 dimittat,
1001 963 1034 1015 et
1063 950 1124 1017 hoc
1155 950 1218 1033 ipsi
1241 952 1317 1018 lice·

380 1065 555 1142 nefacere,
589 1066 848 1146 quotiescunque
885 1066 1011 1131 libuerit
1043 1065 1105 1134 (ι).
1147 1065 1231 1133 Hinc
1256 1068 1317 1134 du·

378 1180 492 1263 plicem
512 1200 582 1246 esse
611 1182 703 1246 ellicit
728 1180 875 1245 scientiae
903 1182 1002 1246 veluti
1023 1184 1248 1266 venationem,
1270 1188 1316 1252 al·

378 1311 474 1363 teram
502 1300 686 1381 possidendi
721 1299 855 1372 caussa,
888 1309 1071 1375 anteaquam
1101 1299 1175 1377 quis
1203 1318 1315 1368 nactus

376 1408 495 1493 fircrit,
516 1416 661 1487 alteram,
683 1423 852 1490 postquam
883 1406 980 1475 fuerit
1009 1425 1143 1492 nactus,
1165 1423 1219 1482 τοῦ
1244 1437 1315 1487 na.

375 1538 475 1613 βεῒν
507 1533 556 1597 καὶ
588 1531 712 1613 ἔχειν
744 1532 786 1596 ἐν
824 1538 919 1604 ταῖς
959 1531 1110 1612 χερσὶν
1147 1527 1171 1599 ὃ
1208 1534 1310 1603 πάλαι

374 1648 536 1724 ἐκέκτητο,
570 1661 606 1711 ut
637 1644 1109 1733 capiatmanibusquc
1136 1659 1309 1730 teneat,

375 1782 457 1849 quae
483 1776 579 1828 antea
595 1762 670 1846 fuit
701 1777 822 1827 nactus-
840 1783 879 1827 ac
901 1756 1033 1849 possidet
1054 1763 1112 1830 (α).
1166 1763 1313 1848 Ingenio·

374 1898 410 1945 se
439 1880 514 1945 haec
543 1880 632 1946 Plato
664 1880 823 1963 longeque
852 1877 1022 1959 festivius,
1064 1898 1159 1962 quarn
1181 1882 1311 1949 Stoicus

373 1996 451 2077 ille;
473 2011 504 2062 at
525 1995 641 2079 pariter
670 1996 763 2060 ambo
786 2000 957 2063 naturalem
979 1998 1116 2080 metitis,
1139 2016 1232 2080 quarn
1252 2000 1311 2067 lin·

374 2133 454 2201 guae
478 2114 643 2199 produnt,
664 2112 776 2195 agendi
805 2112 956 2179 rationem
986 2129 1224 2197 expresserunt.
1248 2117 1311 2183 Sed

375 2231 518 2314 quamvis
547 2230 653 2295 Stoica
673 2232 725 2296 illa
750 2230 790 2295 de
807 2231 958 2314 opinione
974 2244 1007 2296 et
1035 2231 1167 2300 scientis
1196 2232 1308 2315 placita

373 2364 406 2415 et
422 2348 593 2416 convenite
611 2346 863 2414 complatonicis
883 2364 940 2413 nec
960 2366 1037 2413 vcro
1060 2350 1225 2433 rejicienda
1236 2350 1311 2433 phi·

372 2468 517 2549 losophis
544 2466 733 2542 videantur,
754 2462 950 2543 cavendum,
972 2482 1012 2530 nc
1035 2466 1176 2531 Zenonis
1202 2466 1308 2549 philo·

374 2580 530 2663 sophandi
560 2582 711 2644 rationem
740 2597 812 2642 cum
844 2580 897 2645 llll
929 2582 1182 2664 confundamus,
1214 2604 1309 2667 quam

372 2694 463 2759 Plato
500 2693 678 2773 usurpavit.
723 2694 929 2773 Dogmaticus
967 2695 1020 2759 ille
1056 2711 1143 2762 eratt
1179 2718 1309 2780 quaere·

372 2811 427 2875 bat
451 2808 601 2890 quidem,
625 2808 882 2889 quemadmodum
900 2827 957 2891 pcr
980 2827 1092 2876 sensus
1112 2811 1235 2881 animus
1260 2834 1310 2882 re·

371 2944 439 2991 rurn
471 2922 619 2989 notiones
649 2923 849 3007 susciperet,
881 2926 1024 3009 quidque
1048 2930 1201 3013 agendum
1220 2948 1305 3001 esset

371 3042 509 3125 homini,
545 3056 581 3107 ut
620 3040 780 3107 scientiam
807 3057 839 3108 ct
868 3043 1029 3111 veritatem
1064 3065 1302 3134 assequeretu13

370 3163 425 3229 scd
452 3180 491 3227 eo
523 3157 684 3243 spectabat
707 3160 835 3242 proprie
863 3160 923 3227 viri
954 3164 1121 3246 studium,
1152 3182 1189 3232 ut
1218 3171 1306 3251 quod

370 3278 432 3363 ipsi
452 3296 561 3346 verum
579 3291 763 3357 certumque
784 3279 889 3344 visum
913 3296 1018 3360 esset,
1040 3280 1073 3345 id
1099 3280 1231 3349 firmiter
1260 3300 1307 3351 te-

370 3414 445 3461 nere
470 3408 566 3474 atque
599 3392 637 3455 ab
674 3394 831 3459 Arcesilae
871 3395 1148 3479 scepticorumque
1180 3400 1305 3469 dubita·

369 3510 511 3585 tionibus
539 3506 695 3573 vindicare
718 3524 842 3594 posset.
887 3512 1018 3595 ltaque,
1042 3529 1078 3580 ut
1096 3516 1140 3582 ait
1165 3518 1303 3603 Cicero,

369 3622 454 3714 quod
477 3642 549 3692 crat
582 3647 671 3691 sensu
691 3628 963 3715 comprehensum,
993 3628 1033 3695 td
1056 3635 1156 3720 ipsum
1183 3656 1304 3703 rentum

367 3742 570 3835 appellabat,
614 3758 667 3827 et,
711 3750 740 3810 si
766 3748 817 3811 ita
852 3763 925 3813 erat
953 3751 1225 3837 comprehensum,
1254 3770 1304 3819 ue

1221 3890 1303 3935 con·

404 3995 445 4065 (ι)
464 3970 584 4046 'ratam
601 4010 660 4065 ¹97·
677 3992 710 4047 c·
797 3996 840 4071 (ι)
858 3994 929 4051 zoa.
947 3996 1005 4068 ιφ.
1039 3998 1083 4053 ι).
