2896 5168
647 486 691 502 ¹-
715 441 821 519 12³-

266 631 392 700 hibetur
419 632 451 698 in
475 637 511 699 ed
536 631 804 716 consideratione3
847 634 975 701 moralis
996 646 1097 699 autem
1122 635 1198 701 doc·

263 751 343 815 trim
370 749 504 816 civitatis
541 752 573 815 in
604 750 730 816 homine
758 750 958 817 considerans
991 770 1063 815 curn
1091 767 1194 834 partes

262 881 294 932 et
328 867 483 947 virtutes,
527 881 595 932 tutn
630 867 826 934 conditiones
859 867 980 948 varias,
1025 865 1191 950 perfectam

262 984 393 1050 maxime
414 999 446 1049 et
473 985 661 1067 pessimam,
684 987 758 1050 haec
786 985 883 1066 igitur
915 1004 1022 1068 magna
1050 999 1082 1052 et
1106 987 1195 1054 iiius·

262 1100 381 1166 crinin
408 1100 535 1166 homine
560 1102 723 1166 attendens
746 1115 841 1183 atque
869 1103 1056 1183 explorans,
1098 1103 1196 1168 admi·

163 1258 167 1265 -
260 1214 351 1282 rabili
379 1216 509 1298 quadam
535 1233 566 1281 et
595 1217 815 1300 perspicuitate
840 1231 874 1282 et
901 1215 1120 1298 probabilitate
1153 1221 1193 1284 dc

259 1332 360 1417 ipsius
395 1333 531 1400 hominis
569 1332 706 1418 perfecta
744 1333 923 1400 conditione
955 1332 1210 1416 beatissimeque.

259 1448 327 1516 viti
344 1450 476 1535 judicat.

302 1566 389 1632 Haec
417 1583 517 1633 autem
539 1585 612 1635 cum
633 1568 677 1634 ita
697 1568 788 1650 sint,
818 1567 925 1634 vident
946 1570 1100 1648 lectores,
1123 1584 1193 1632 esse

259 1682 364 1749 denuo
389 1684 468 1749 hanc
500 1700 638 1752 nostram
668 1659 944 1769 progressionem,
974 1704 1045 1749 cunr
1065 1685 1104 1750 ad
1121 1683 1193 1771 phi·

258 1799 422 1890 Iosophiam
433 1803 519 1888 josto·
538 1823 648 1871 sumus
667 1802 862 1885 perrecturi,
884 1801 916 1867 in
937 1800 1105 1884 sapientiae
1121 1814 1190 1865 stu·

259 1916 314 1982 dio
336 1919 548 2000 gravissimam
570 1919 736 1999 quandam.
780 1918 861 1982 Nam
878 1917 1069 2002 philosophia
1085 1915 1191 2002 pulcri

258 2034 298 2099 ad
317 2047 402 2098 recte
422 2033 624 2099 erudiendum
647 2032 801 2097 hominem
823 2031 926 2110 valet,
959 2047 994 2096 ut
1013 2048 1071 2111 per
1091 2042 1188 2093 totam

257 2149 404 2233 deinceps
442 2150 536 2216 vitam
569 2150 713 2232 pulcrum
744 2150 926 2229 bonumque
956 2158 1185 2229 prosequatur3

256 2267 313 2333 sed
340 2266 466 2350 proprie
495 2268 534 2332 ad
564 2284 731 2347 puerorum
764 2264 902 2348 pertinet
931 2263 1186 2342 institutionem,

256 2400 322 2467 quo
354 2382 451 2466 magis
480 2384 628 2448 ateneri
657 2400 717 2448 nos
745 2399 843 2448 aetate
866 2400 937 2446 cum
957 2381 1084 2447 caeteris
1107 2397 1186 2447 trac·

254 2499 356 2565 nudis
376 2500 520 2581 artibus,
542 2515 607 2564 tum
627 2499 748 2565 musici
772 2498 904 2565 maxime
927 2514 959 2565 et
977 2498 1085 2580 poesi,
1108 2497 1186 2563 Ura·

256 2614 326 2681 triae
367 2616 481 2682 Musae
521 2633 626 2680 amore
663 2615 782 2680 incensi
821 2619 1023 2703 amooaqiyaloa
1061 2612 1183 2679 fiamus.

257 2732 366 2818 Majus
394 2731 610 2815 illustriusque
636 2751 751 2798 munus
775 2734 968 2821 philosophia
989 2734 1057 2799 uari
1077 2731 1183 2796 habet.

256 2850 427 2917 Excultnm
456 2849 537 2916 enim
573 2849 605 2915 in
636 2850 720 2916 hunc
739 2851 864 2917 modum
890 2848 1001 2931 puerili
1020 2862 1118 2913 aetate
1131 2848 1183 2931 ju·

141 3050 144 3055 st
255 2985 364 3033 venem
394 2967 528 3050 suscipit
559 2969 633 3033 haec
660 2967 826 3050 deinceps,
856 2983 913 3046 ut,
937 2965 1043 3048 prouti
1063 2965 1183 3030 artibus

252 3082 353 3149 adhuc
371 3084 410 3148 ad
427 3084 592 3166 pulcrum,
614 3083 657 3148 ita
679 3102 762 3148 nunc
779 3103 876 3167 porro
897 3082 1094 3167 gravioribus
1115 3081 1183 3149 dis·

255 3199 380 3282 cipliuis
418 3202 456 3265 ad
488 3218 594 3264 verum
626 3201 754 3282 verique
785 3201 944 3268 scientiam
982 3200 1180 3283 perducatur.

164 3357 169 3371 ·
253 3316 317 3384 Sed
335 3318 429 3400 longe
443 3315 659 3401 gravissimum
674 3317 900 3400 maximumque
913 3318 991 3383 iliud
1006 3332 1072 3397 est,
1095 3316 1183 3398 quod

241 3435 331 3516 josto·
360 3450 419 3499 nos
449 3433 641 3520 philosophia
659 3434 750 3518 jubet
772 3454 927 3519 peragere.
970 3435 1074 3500 Erunt
1098 3434 1181 3500 enim

252 3549 348 3616 nobis
372 3550 417 3616 illi
439 3549 575 3618 civitatis
593 3551 768 3631 custodes,
799 3570 881 3634 quos
902 3554 959 3617 hac
979 3570 1036 3634 spe
1062 3551 1182 3617 artibus

253 3665 491 3751 disciplinisque
519 3666 736 3747 erudivimus,
769 3682 805 3733 ut
836 3667 900 3750 ipsi
917 3667 1083 3749 aliquando
1105 3665 1184 3731 civi·

255 3780 334 3864 tati,¹
373 3802 432 3866 pro
466 3784 508 3848 rei
538 3782 686 3867 dignitate
716 3799 812 3867 atque
844 3786 883 3850 od
917 3785 1017 3868 ipsius
1048 3786 1179 3848 salutent

255 3899 440 3980 maximam,
468 3915 668 3984 praeessent,
702 3916 792 3967 crunt
817 3901 865 3966 hi·
879 3901 972 3968 nobis
991 3897 1182 3981 reipublicae

133 4008 141 4020 ’
252 4018 465 4103 gubernaculo
492 4017 677 4100 adhibendi,
706 4033 764 4100 ut,
794 4017 1051 4104 quemadmodum
1079 4032 1111 4082 et
1130 4017 1184 4087 ‚le-

1133 4151 1178 4216 8¹·
