2896 5168
615 467 807 545 ...289-

248 647 362 730 ducit,
387 659 423 713 ut
445 658 513 711 tota
533 644 585 710 illa
604 643 636 710 in
659 641 820 711 Phaedone
839 645 900 710 boc
920 646 959 710 de
978 642 1093 726 placito
1113 643 1178 710 dis·

249 763 396 848 putatio,
427 759 571 845 quamvis
595 759 738 843 partibus
760 758 919 842 variisque
939 754 1181 841 argumentatio·

251 881 346 947 nibus
369 877 537 958 distincta,
559 894 617 944 una
638 875 680 943 sit
701 893 803 944 tamen
828 892 859 942 et
882 874 1030 941 continua
1052 876 1181 941 demon·

253 996 387 1077 strati0,
415 1014 433 1060 a
463 996 567 1078 specie
597 996 732 1080 primum
763 1011 794 1061 et
821 991 1040 1077 probabilitate
1064 993 1181 1071 ducta,

254 1113 326 1180 inde
359 1127 459 1178 autem
489 1113 636 1196 deinceps
666 1113 706 1177 ad
730 1111 775 1178 rei
804 1088 987 1193 scientiam,
1008 1123 1093 1176 certe
1113 1126 1184 1193 per·

253 1230 455 1311 suasionem,
478 1231 567 1314 quasi
588 1250 645 1314 per
667 1231 779 1314 gradus
798 1230 978 1296 escandens.
1022 1228 1097 1315 Quo
1121 1245 1186 1292 ma·

256 1346 305 1430 gis
325 1346 526 1432 vituperanda
544 1346 668 1414 illorum
688 1322 843 1412 temeritas
863 1362 931 1430 est,
955 1347 1030 1429 qui,
1050 1344 1184 1427 singulis

255 1463 434 1548 singulatim
466 1465 786 1547 argumentationibus
812 1463 872 1529 sub
903 1482 1030 1529 examen
1058 1481 1186 1530 revoca·

257 1584 324 1665 tis,
348 1583 521 1665 iisdemque
546 1580 643 1664 porro
671 1581 812 1666 reiectis,
842 1580 1000 1646 universas
1029 1566 1184 1665 rejiciunt.

256 1697 365 1765 Totus
391 1699 484 1764 nobis
511 1716 575 1763 uno
601 1713 708 1764 terrore
729 1698 932 1781 perlegendas
955 1692 1097 1779 dialogus
1117 1712 1187 1783 est,

256 1831 294 1881 ut
312 1835 383 1882 eum
406 1827 489 1880 recte
508 1814 716 1899 intelligamus
734 1832 768 1878 ac
786 1815 1000 1897 persuasionis
1017 1813 1085 1880 iude
1101 1810 1187 1881 fruc-

258 1948 324 1999 tum
348 1934 386 1998 de
412 1953 445 1999 re
473 1931 613 2003 omnium
638 1930 821 2016 gravissimi
848 1950 956 1996 verum
983 1930 1189 1997 uberrimum·

259 2069 321 2133 que
342 2047 565 2133 percipiamus.
608 2049 654 2116 Ita
677 2047 818 2114 fecerunt
839 2047 980 2130 antiqui:
1005 2066 1099 2132 atque
1118 2048 1190 2116 inde

258 2165 497 2244 declarandum,
524 2184 619 2248 quare
638 2178 750 2230 tautam
773 2163 867 2231 lectio
889 2165 1025 2247 dialogi,
1045 2179 1189 2248 quantam

259 2280 433 2360 novimus,
455 2279 488 2346 in
510 2278 669 2365 principes
691 2280 782 2348 etiam
805 2282 891 2348 viros
915 2281 980 2351 vim
1007 2296 1038 2348 et
1063 2282 1193 2349 efficaci·

259 2411 356 2463 tatem
379 2394 536 2464 habuerit.
581 2398 643 2464 Sed
670 2396 721 2463 bic
749 2399 841 2466 locus
864 2417 924 2465 nos
954 2399 1102 2482 adducit,
1130 2414 1190 2483 ut,

260 2514 368 2599 prouti
396 2515 491 2580 modo
521 2515 559 2579 de
585 2513 710 2582 Politia
732 2515 890 2598 Platonis,
921 2516 963 2582 ira
991 2515 1044 2583 hle
1065 2517 1103 2584 de
1121 2519 1189 2604 ejus

260 2630 426 2700 Phaedone
443 2632 515 2698 dard
534 2635 631 2716 operi
650 2649 792 2714 agamus.

463 2860 523 2932 Da
550 2859 745 2930 Platonis
761 2860 992 2933 asamona.

308 3093 479 3180 Scripsisse
508 3097 593 3164 hunc
624 3093 779 3180 dialogum
812 3097 1022 3182 philosophus
1049 3098 1205 3181 videtur,-

265 3215 372 3298 paullo
393 3228 469 3297 post
489 3234 579 3296 quam
597 3215 635 3281 ad
656 3213 747 3280 finem
765 3214 915 3280 Politian
941 3217 1085 3297 duxerat,
1113 3233 1195 3283 certe

266 3334 302 3398 ei
332 3346 455 3412 aetate,
490 3352 551 3414 qua
584 3331 715 3398 maxime
741 3331 869 3416 ingenio
888 3332 1197 3417 plrilosopbandique

267 3446 374 3515 studio
400 3464 430 3513 et
452 3447 599 3514 facultate
620 3450 757 3534 vigebat.
809 3450 889 3518 Nam
921 3451 1008 3518 abest
1040 3455 1195 3535 multum,

267 3579 324 3646 ut,
359 3565 522 3630 scribendo
551 3567 630 3646 illo,
663 3568 819 3633 Socratem
850 3567 943 3632 nobis
973 3571 1197 3651 solummod0,

269 3683 526 3763 quemadmodum
545 3683 716 3750 incarcere
736 3686 774 3748 dc
792 3685 963 3749 animorum
987 3685 1199 3753 immortalita-

192 3884 196 3893 .
268 3817 298 3864 tc
318 3800 467 3881 dixisset,
484 3817 551 3865 turn
571 3800 662 3865 etiam
684 3816 813 3865 mortem
836 3801 1003 3882 subiisset,
1027 3804 1201 3871 describere

268 3920 419 3985 studeret.
471 3917 557 3983 Fecit
584 3917 661 3982 illud
691 3934 787 3981 saner
818 3931 850 3982 et
871 3918 931 3982 hoc
953 3921 1073 4001 agendo
1096 3922 1199 3986 locum

268 4032 361 4100 simul
389 4035 470 4099 bunc
500 4035 531 4100 iu
561 4032 761 4117 plrilosophid
789 4033 1014 4118 amplissimum
1035 4039 1073 4104 de
1094 4036 1201 4106 futuri

1153 4176 1199 4220 vr·
