2896 5168
625 479 799 526 err-Um

248 649 277 727 pi
293 649 336 715 in
365 647 448 714 huno
476 645 604 712 modum
632 638 838 729 procederet:
863 630 917 707 ubi
947 638 1020 724 quis
1053 647 1177 714 eorunm

250 764 384 839 nitidulis
413 764 581 846 derepente
611 774 777 847 cogeretur
814 773 846 825 et
887 759 1004 826 collum
1047 768 1179 828 conver·

250 896 316 961 tere
344 895 377 948 et
398 878 555 963 progredi
594 892 627 942 et
662 877 700 944 ad
737 877 819 963 ignis
859 879 963 945 lumen
994 878 1106 944 oculos
1134 875 1181 944 tt·

249 1002 380 1068 tollere:
424 997 500 1068 haec
529 1009 631 1059 autem
668 994 773 1060 omnia
803 1013 921 1078 agens,
952 995 1092 1076 doleret,
1123 1012 1180 1063 nee

249 1114 409 1199 adspicere
432 1110 506 1196 pra'e
532 1110 699 1193 splendore
715 1111 766 1176 illa
783 1127 915 1197 posset,
938 1131 1073 1195 quorum
1093 1126 1183 1181 antes

172 1225 175 1233 '
251 1228 378 1309 umbras
408 1227 548 1308 viderat,
579 1226 654 1310 quid
676 1245 745 1292 eum
766 1244 991 1309 responsurum
1016 1228 1183 1309 autumas,

252 1346 282 1425 si
311 1347 427 1414 diceret
457 1342 517 1441 ipsi
545 1343 681 1425 aliquis,
714 1357 780 1415 tum
810 1360 882 1408 eum
913 1360 1012 1429 nugas
1044 1322 1183 1423 vidisse,

254 1460 357 1544 punc'
376 1480 453 1528 vero
490 1461 624 1550 propius
659 1461 697 1526 ad
727 1479 837 1526 vemm
876 1461 980 1544 adque
1009 1458 1068 1543 ea,'
1104 1477 1186 1545 quse

253 1582 358 1657 minus
382 1578 531 1648 sidentur
565 1596 636 1644 esse
663 1578 824 1661 magisque
852 1593 951 1658 sunt,
974 1595 1181 1659 conversum,

253 1695 371 1774 rectius
395 1693 570 1780 'spectarei
600 1680 746 1776 idemque
773 1693 802 1760 ei
827 1712 1085 1778 unumquemque
1099 1711 1188 1778 prae«

257 1811 446 1884 teteuntium
472 1824 675 1892 monstrans,
708 1811 930 1896 interrogando
960 1830 1031 1878 eum
1057 1829 1188 1896 respon·

257 1929 332 1996 dere
357 1943 505 2014 cogeret,
541 1929 617 2012 quid
646 1929 757 1995 esseti
794 1946 899 1995 nonne
928 1930 1094 1996 haesurum
1125 1949 1189 2013 pu·

256 2059 330 2125 tes,
353 2064 496 2129 quaeque
513 2061 589 2113 tunc
605 2032 705 2127 uidit,
728 2046 873 2129 veriora,
895 2066 987 2128 quam
1007 2065 1087 2130 quse
1104 2064 1188 2115 nune

259 2157 526 2243 monstrarentur,
565 2162 749 2229 dicturum?
781 2198 828 2223 -
853 2163 899 2228 Et'
932 2145 1033 2230 multo
1065 2161 1190 2244 quidem

259 2278 397 2346 veriores
422 2312 471 2331 ·-
500 2278 625 2361 Quodsi
652 2295 722 2340 eum
758 2278 916 2358 adspicere
956 2279 1059 2360 ipsum
1087 2277 1189 2360 ignem

261 2407 411 2479 cogeret,
437 2409 545 2459 nonne
569 2404 637 2455 turn
667 2403 699 2456 et
732 2389 851 2456 doleret
877 2390 978 2454 oculis
1005 2391 1137 2455 maxime
1160 2406 1191 2456 et

259 2509 384 2596 fugeret
410 2524 444 2578 et
469 2495 623 2575 averteret
654 2525 689 2572 se
714 2505 788 2573 inde
817 2505 855 2571 ad
889 2505 941 2571 iiia
977 2525 1057 2588 quae
1082 2508 1193 2590 posset

259 2627 444 2712 conspicere
475 2614 609 2693 ethaeo
639 2641 748 2708 reapse
776 2623 965 2690 existimaret
998 2623 1079 2706 illis,
1113 2642 1193 2715 quse

260 2759 430 2813 monstrate
450 2756 580 2825 essent,
601 2741 754 2809 clariora?
776 2776 822 2792 -
843 2739 896 2806 Sic
911 2741 1053 2807 omnino.
1077 2738 1110 2783 ω
1187 2743 1191 2751 ’

301 2863 448 2930 Summae
477 2860 576 2944 igitur
601 2859 791 2924 difficultatis
820 2858 924 2943 justae
951 2863 1089 2936 παιδείας
1107 2857 1197 2943 prin,-

261 2982 381 3064 eipium
399 2970 461 3045 estss
505 2977 569 3043 Sed
597 2976 738 3058 quamvis
767 2974 809 3042 ita
825 2980 962 3062 φιλήκοοι
981 2975 1035 3040 isti
1055 2989 1087 3040 et
1104 2984 1194 3061 φιλο·

263 3094 423 3182 θεάμούες,
456 3095 575 3177 quique
598 3094 678 3159 nihil
708 3093 825 3159 hubent
855 3110 986 3170 verum,
1020 3090 1082 3188 nisi
1100 3086 1196 3170 'quod

261 3212 407 3282 sensibus
438 3227 665 3298 perceperunt,
704 3211 832 3277 umbras
862 3223 1036 3292 coeperunt
1067 3208 1197 3275 simula·

262 3353 388 3400 crorum
410 3347 628 3411 contemnere,
662 3328 779 3412 quibus
808 3326 984 3394 luserant
976 3345 1063 3410 rpsos
1084 3328 1197 3409 po‘e'tne

265 3459 299 3512 et
315 3460 475 3512 oratores·
501 3460 626 3535 monent
657 3458 759 3517 tomen
780 3443 812 3508 in
833 3444 949 3509 mundo
971 3426 1200 3527 adspectabiii,

266 3559 342 3643 ubi,
369 3578 492 3645 praeter
517 3563 716 3643 simulacra,
748 3559 868 3627 nihil
858 3561 936 3644 tpsis
958 3560 1200 3643 conspiceteli

266 3695 336 3749 eet:
364 3696 436 3746 nem
450 3677 611 3746 sensibus
643 3679 819 3763 percipiunt
846 3676 971 3762 negotia
989 3678 1118 3763 pulcro,
1139 3674 1200 3743 bo·

266 3816 330 3883 pe,
348 3791 457 3885 juste,
478 3813 558 3882 quoe
584 3793 709 3880 quidem
740 3793 841 3879 ipsius
871 3795 994 3880 pulcri,
1017 3794 1119 3878 ipsius
1137 3791 1198 3860 bo·

351 3933 354 3939 ·
1164 3929 1201 3981 nt

301 4009 412 4131 (1an
426 4052 500 4123 nep.
516 4046 587 4115 vu.
601 4046 660 4104 ns.
676 4045 711 4111 e.
727 4048 766 4129 n.
783 4044 816 4100 r.
