2896 5168
578 469 750 530 ..19-

196 632 298 714 deque
327 631 442 695 virtute
464 643 494 695 et
512 629 635 714 justitia
663 627 862 695 sermonibus
883 627 1123 708 incalescentes,

194 767 260 833 quo
281 766 317 815 se
336 745 470 815 invicem
491 764 620 826 amore,
653 746 761 811 eodem
786 744 1038 828 philosophiam,
1069 762 1123 810 co·

194 867 258 932 lant
289 884 324 931 ac
353 878 597 946 prosequantur.
652 862 758 947 Hujus
784 877 885 928 autem
914 862 1124 946 puri'coeles·
1152 865 1154 870 ’

194 982 300 1063 risque
329 981 468 1061 amoris,
496 980 615 1064 quique
645 997 728 1045 unus
758 979 906 1046 dicendus
934 998 1025 1044 amor
1051 992 1123 1058 est,

199 1099 354 1183 ejusmodi
383 1113 453 1182 est,
485 1098 571 1180 quod
603 1096 759 1178 diximus,
791 1097 824 1162 in
854 1096 957 1164 animo
986 1092 1122 1162 hominis

193 1215 242 1281 vis
271 1228 302 1281 et
331 1215 515 1295 efficacitas,
547 1228 583 1280 ut
613 1232 706 1296 vagas
734 1215 803 1281 illas
823 1233 858 1280 ac
879 1215 1022 1297 vulgares
1049 1211 1123 1278 libi·
1186 1265 1189 1270 .

192 1331 283 1399 dines
303 1333 442 1398 inhibeat
470 1351 506 1397 ac
537 1335 689 1398 coirceot.
733 1332 769 1398 Id
789 1346 890 1398 autern
909 1351 974 1413 quo
997 1329 1120 1415 plenius

191 1447 399 1531 intelligatur,
426 1451 563 1530 rationis
591 1448 665 1514 item
686 1447 718 1514 iu
739 1447 885 1515 libidines
910 1449 985 1515 istas
1004 1462 1120 1514 totum·

191 1583 255 1645 que
286 1565 422 1631 animum
452 1564 623 1631 auctoritas
654 1563 873 1631 consideranda
896 1564 989 1630 nobis
1012 1564 1121 1645 exqui-

190 1679 345 1762 rendaque
366 1695 428 1746 est.

382 1913 443 1979 De
471 1918 674 1981 rationis
704 1919 751 1978 ln
781 1920 926 1980 animo

502 2034 803 2103 auctoritate.

229 2266 265 2332 In
293 2264 381 2330 libris
411 2265 448 2331 da
478 2266 613 2352 Legibus
644 2268 762 2350 hospes
794 2265 1017 2347 Atheniensis,
1050 2269 1114 2335 duo

186 2384 281 2449 uobis
299 2384 426 2464 insunt,
449 2382 511 2464 ait,
536 2384 683 2483 contrarii
701 2403 736 2450 ac
753 2385 908 2449 dementes
923 2384 1113 2464 consiliarii,

187 2519 269 2582 quos
293 2503 479 2588 uoluptatem
500 2515 532 2565 et
551 2501 685 2567 dolorem
706 2520 942 2585 nuncupamus:
965 2504 1116 2568 accedunt

186 2620 350 2702 opiniones
378 2619 417 2684 de
439 2619 531 2683 rebus
552 2618 793 2701 futuris,‚quae
820 2618 967 2684 universo
988 2618 1115 2686 nomine

186 2740 298 2819 ἐλπὶς,
331 2750 485 2818 quatenus
519 2748 620 2801 autem
649 2737 687 2801 ad
717 2754 767 2800 res
791 2734 894 2800 tristes
913 2733 1113 2817 referuntur,

184 2857 304 2938 Φόβος,
338 2857 455 2933 timor,
486 2868 641 2933 quatenus
655 2936 658 2943 r
672 2854 711 2917 od
741 2853 859 2931 laetas,
890 2853 1010 2936 iiiior,
1042 2871 1114 2917 con·

180 2968 314 3049 fidentia
339 2969 497 3035 dicuntur.
549 2970 674 3035 Praeist
699 2968 789 3033 hisce
820 2966 984 3050 omnibus,
1008 2988 1111 3054 quae,

185 3083 264 3165 qnid
274 3084 383 3149 melius
393 3084 427 3148 in
437 3083 476 3149 iis
487 3086 552 3163 sit,
576 3084 652 3165 quid
665 3086 780 3167 pejus,
808 3083 981 3166 discernit,
1003 3090 1112 3166 ratio,

184 3204 342 3282 λογισμὸς.
368 3197 408 3265 (¹)
453 3200 532 3264 Rem
561 3199 707 3282 deinceps
725 3200 844 3282 hospes
864 3202 916 3267 ille
936 3201 1059 3269 Cliniae
1079 3217 1112 3268 et

184 3315 339 3399 Megillo,
362 3335 427 3399 quo
447 3318 522 3383 haec
540 3332 746 3400 assequantur
767 3315 907 3398 facilius,
932 3318 1111 3402 imaguncu·
1183 3358 1186 3363 .
1220 3336 1225 3345 ·

184 3432 301 3511 larum,
323 3454 401 3514 quae
422 3432 573 3500 funiculis
595 3450 785 3517 moventur„
807 3435 1038 3517 comparatione
1057 3454 1112 3503 ex·

183 3549 290 3632 plicat.
336 3549 522 3631 „Affectus
545 3552 603 3631 hi,
626 3551 753 3634 iuquit,
775 3566 811 3616 ut
829 3549 961 3616 funiculi
985 3549 1110 3632 quidum

182 3681 237 3732 aut
257 3667 344 3732 nervi
363 3667 455 3732 nohis
472 3673 582 3734 naturl
603 3668 732 3748 insunt,
755 3666 899 3748 quibus,
919 3667 1109 3735 ludicrorum

184 3784 314 3850 istorum
344 3784 442 3849 instar
463 3784 614 3849 trahimur
634 3783 879 3865 retrahimurque
902 3781 933 3847 in
956 3783 1055 3850 varias
1081 3782 1112 3850 e't
1163 3835 1168 3843 .

1022 3920 1099 3968 con·

222 4039 264 4106 (u)
283 4041 327 4090 De
345 4036 467 4109 Iaeggd.
485 4039 547 4094 ⁶44.
561 4039 594 4090 C·
621 4036 666 4091 cf.
677 4035 745 4091 vll.
764 4037 823 4092 803.
835 4038 867 4093 C·

621 4138 687 4206 Ba
