<?xml version="1.0" encoding="UTF-8"?>
<!DOCTYPE html PUBLIC "-//W3C//DTD XHTML 1.0 Transitional//EN"
    "http://www.w3.org/TR/xhtml1/DTD/xhtml1-transitional.dtd">
<html xmlns="http://www.w3.org/1999/xhtml" xml:lang="en" lang="en">
 <head>
  <title>
</title>
<meta http-equiv="Content-Type" content="text/html;charset=utf-8" />
  <meta name='ocr-system' content='tesseract 3.04.00' />
  <meta name='ocr-capabilities' content='ocr_page ocr_carea ocr_par ocr_line ocrx_word'/>
</head>
<body>
  <div class='ocr_page' id='page_1' title='image "./initiaphilosoph04heusgoog_0226.png"; bbox 0 0 2896 5168; ppageno 0'>
   <div class='ocr_carea' id='block_1_1' title="bbox 627 491 847 539">
    <p class='ocr_par' dir='ltr' id='par_1_1' title="bbox 627 491 847 539">
     <span class='ocr_line' id='line_1_1' title="bbox 627 491 847 539; baseline -0.009 1"><span class='ocrx_word' id='word_1_1' title='bbox 627 491 847 539; x_wconf 65' lang='lat' dir='ltr'><em>*Ml-¹</em></span> 
     </span>
    </p>
   </div>
   <div class='ocr_carea' id='block_1_2' title="bbox 238 638 1185 1548">
    <p class='ocr_par' dir='ltr' id='par_1_2' title="bbox 238 638 1185 1548">
     <span class='ocr_line' id='line_1_2' title="bbox 248 638 1185 733; baseline -0.017 -5"><span class='ocrx_word' id='word_1_2' title='bbox 248 638 326 729; x_wconf 71' lang='lat' dir='ltr'><em>selle</em></span> <span class='ocrx_word' id='word_1_3' title='bbox 352 658 486 724; x_wconf 80' lang='lat' dir='ltr'><em>dicebat.</em></span> <span class='ocrx_word' id='word_1_4' title='bbox 507 652 548 721; x_wconf 81' lang='lat'><em>(¹)</em></span> <span class='ocrx_word' id='word_1_5' title='bbox 603 653 653 718; x_wconf 82' lang='lat' dir='ltr'><em>Fit</em></span> <span class='ocrx_word' id='word_1_6' title='bbox 682 653 745 733; x_wconf 88' lang='lat' dir='ltr'><em>ita,</em></span> <span class='ocrx_word' id='word_1_7' title='bbox 771 669 806 716; x_wconf 92' lang='lat' dir='ltr'><em>ut</em></span> <span class='ocrx_word' id='word_1_8' title='bbox 828 668 889 716; x_wconf 89' lang='lat' dir='ltr'><em>nos</em></span> <span class='ocrx_word' id='word_1_9' title='bbox 913 649 976 714; x_wconf 87' lang='lat' dir='ltr'><em>lere</em></span> <span class='ocrx_word' id='word_1_10' title='bbox 997 649 1034 714; x_wconf 92' lang='lat' dir='ltr'><em>de</em></span> <span class='ocrx_word' id='word_1_11' title='bbox 1056 649 1118 714; x_wconf 85' lang='lat' dir='ltr'><em>Dei</em></span> <span class='ocrx_word' id='word_1_12' title='bbox 1139 664 1185 713; x_wconf 89' lang='lat' dir='ltr'><em>at·</em></span> 
     </span>
     <span class='ocr_line' id='line_1_3' title="bbox 250 763 1185 853; baseline -0.014 -11"><span class='ocrx_word' id='word_1_13' title='bbox 250 776 379 843; x_wconf 85' lang='lat' dir='ltr'><em>tributis</em></span> <span class='ocrx_word' id='word_1_14' title='bbox 411 786 557 853; x_wconf 83' lang='lat' dir='ltr'>agentes,</span> <span class='ocrx_word' id='word_1_15' title='bbox 591 768 759 833; x_wconf 76' lang='lat' dir='ltr'><em>bonitatem</em></span> <span class='ocrx_word' id='word_1_16' title='bbox 799 766 857 832; x_wconf 89' lang='lat' dir='ltr'><em>Dei</em></span> <span class='ocrx_word' id='word_1_17' title='bbox 901 765 939 831; x_wconf 90' lang='lat' dir='ltr'><em>de</em></span> <span class='ocrx_word' id='word_1_18' title='bbox 973 763 1185 829; x_wconf 84' lang='lat' dir='ltr'><em>munificentia</em></span> 
     </span>
     <span class='ocr_line' id='line_1_4' title="bbox 238 883 1185 976; baseline -0.01 -20"><span class='ocrx_word' id='word_1_19' title='bbox 238 895 317 976; x_wconf 83' lang='lat' dir='ltr'><em>¹ejus</em></span> <span class='ocrx_word' id='word_1_20' title='bbox 342 893 436 971; x_wconf 89' lang='lat' dir='ltr'><em>inque</em></span> <span class='ocrx_word' id='word_1_21' title='bbox 457 886 614 952; x_wconf 85' lang='lat' dir='ltr'><em>hominem</em></span> <span class='ocrx_word' id='word_1_22' title='bbox 634 888 795 949; x_wconf 89' lang='lat' dir='ltr'><em>voluntate</em></span> <span class='ocrx_word' id='word_1_23' title='bbox 814 884 1013 966; x_wconf 88' lang='lat' dir='ltr'><em>accipiamus.</em></span> <span class='ocrx_word' id='word_1_24' title='bbox 1048 883 1185 947; x_wconf 83' lang='lat' dir='ltr'><em>Etrecte</em></span> 
     </span>
     <span class='ocr_line' id='line_1_5' title="bbox 248 979 1184 1089; baseline -0.011 -16"><span class='ocrx_word' id='word_1_25' title='bbox 248 1027 309 1073; x_wconf 89' lang='lat' dir='ltr'><em>nos</em></span> <span class='ocrx_word' id='word_1_26' title='bbox 330 1007 467 1087; x_wconf 90' lang='lat' dir='ltr'><em>quidem.</em></span> <span class='ocrx_word' id='word_1_27' title='bbox 484 1002 524 1070; x_wconf 81' lang='lat'><em>(²)</em></span> <span class='ocrx_word' id='word_1_28' title='bbox 565 1003 788 1067; x_wconf 82' lang='lat' dir='ltr'>Verumtamen</span> <span class='ocrx_word' id='word_1_29' title='bbox 811 1016 857 1064; x_wconf 89' lang='lat' dir='ltr'><em>est</em></span> <span class='ocrx_word' id='word_1_30' title='bbox 877 1001 935 1089; x_wconf 91' lang='lat' dir='ltr'><em>alia</em></span> <span class='ocrx_word' id='word_1_31' title='bbox 955 999 1027 1063; x_wconf 91' lang='lat' dir='ltr'><em>itcm</em></span> <span class='ocrx_word' id='word_1_32' title='bbox 1048 979 1184 1082; x_wconf 73' lang='lat' dir='ltr'><em>ejusdem</em></span> 
     </span>
     <span class='ocr_line' id='line_1_6' title="bbox 249 1116 1185 1201; baseline -0.015 -12"><span class='ocrx_word' id='word_1_33' title='bbox 249 1124 337 1189; x_wconf 90' lang='lat' dir='ltr'><em>vocis</em></span> <span class='ocrx_word' id='word_1_34' title='bbox 368 1122 437 1200; x_wconf 90' lang='lat' dir='ltr'><em>vis,</em></span> <span class='ocrx_word' id='word_1_35' title='bbox 473 1120 527 1185; x_wconf 93' lang='lat' dir='ltr'><em>ubi</em></span> <span class='ocrx_word' id='word_1_36' title='bbox 561 1122 599 1185; x_wconf 89' lang='lat' dir='ltr'><em>de</em></span> <span class='ocrx_word' id='word_1_37' title='bbox 634 1120 771 1183; x_wconf 84' lang='lat' dir='ltr'><em>bonitate</em></span> <span class='ocrx_word' id='word_1_38' title='bbox 802 1138 835 1182; x_wconf 84' lang='lat' dir='ltr'><em>v.</em></span> <span class='ocrx_word' id='word_1_39' title='bbox 855 1137 885 1181; x_wconf 90' lang='lat' dir='ltr'><em>c.</em></span> <span class='ocrx_word' id='word_1_40' title='bbox 909 1120 1047 1201; x_wconf 79' lang='lat' dir='ltr'><em>ingemi,</em></span> <span class='ocrx_word' id='word_1_41' title='bbox 1080 1116 1185 1195; x_wconf 81' lang='lat' dir='ltr'><em>roris,</em></span> 
     </span>
     <span class='ocr_line' id='line_1_7' title="bbox 248 1234 1185 1320; baseline -0.007 -15"><span class='ocrx_word' id='word_1_42' title='bbox 248 1261 397 1320; x_wconf 76' lang='lat' dir='ltr'><em>caussae,</em></span> <span class='ocrx_word' id='word_1_43' title='bbox 420 1238 569 1308; x_wconf 81' lang='lat' dir='ltr'><strong>similium</strong></span> <span class='ocrx_word' id='word_1_44' title='bbox 593 1236 725 1319; x_wconf 84' lang='lat' dir='ltr'><strong>agimus.</strong></span> <span class='ocrx_word' id='word_1_45' title='bbox 766 1234 928 1318; x_wconf 83' lang='lat' dir='ltr'><em>Significat</em></span> <span class='ocrx_word' id='word_1_46' title='bbox 952 1235 993 1298; x_wconf 91' lang='lat' dir='ltr'><em>ita</em></span> <span class='ocrx_word' id='word_1_47' title='bbox 1017 1234 1060 1298; x_wconf 87' lang='lat' dir='ltr'><em>rei</em></span> <span class='ocrx_word' id='word_1_48' title='bbox 1081 1237 1185 1298; x_wconf 76' lang='lat' dir='ltr'><em>uirtu-</em></span> 
     </span>
     <span class='ocr_line' id='line_1_8' title="bbox 249 1350 1182 1449; baseline -0.009 -27"><span class='ocrx_word' id='word_1_49' title='bbox 249 1371 333 1437; x_wconf 86' lang='lat' dir='ltr'><em>tem,</em></span> <span class='ocrx_word' id='word_1_50' title='bbox 359 1363 613 1443; x_wconf 77' lang='lat' dir='ltr'><em>praestantiam,</em></span> <span class='ocrx_word' id='word_1_51' title='bbox 643 1357 875 1449; x_wconf 68' lang='lat' dir='ltr'><em>perfectionem.</em></span> <span class='ocrx_word' id='word_1_52' title='bbox 932 1353 968 1417; x_wconf 94' lang='lat' dir='ltr'><em>Id</em></span> <span class='ocrx_word' id='word_1_53' title='bbox 998 1353 1044 1417; x_wconf 89' lang='lat' dir='ltr'><em>sic</em></span> <span class='ocrx_word' id='word_1_54' title='bbox 1076 1350 1182 1416; x_wconf 86' lang='lat' dir='ltr'><em>tradu-</em></span> 
     </span>
     <span class='ocr_line' id='line_1_9' title="bbox 249 1468 1181 1548; baseline -0.005 -11"><span class='ocrx_word' id='word_1_55' title='bbox 249 1473 380 1537; x_wconf 83' lang='lat' dir='ltr'><em>cendum</em></span> <span class='ocrx_word' id='word_1_56' title='bbox 397 1473 436 1536; x_wconf 90' lang='lat' dir='ltr'><em>ad</em></span> <span class='ocrx_word' id='word_1_57' title='bbox 454 1470 588 1536; x_wconf 86' lang='lat' dir='ltr'><em>diuinam</em></span> <span class='ocrx_word' id='word_1_58' title='bbox 604 1486 743 1535; x_wconf 89' lang='lat' dir='ltr'><em>naturam</em></span> <span class='ocrx_word' id='word_1_59' title='bbox 759 1486 828 1547; x_wconf 89' lang='lat' dir='ltr'><em>est,</em></span> <span class='ocrx_word' id='word_1_60' title='bbox 847 1485 882 1532; x_wconf 92' lang='lat' dir='ltr'><em>ut</em></span> <span class='ocrx_word' id='word_1_61' title='bbox 899 1468 1065 1548; x_wconf 78' lang='lat' dir='ltr'><em>moralem,</em></span> <span class='ocrx_word' id='word_1_62' title='bbox 1088 1485 1181 1548; x_wconf 87' lang='lat' dir='ltr'><em>quam</em></span> 
     </span>
    </p>
   </div>
   <div class='ocr_carea' id='block_1_3' title="bbox 162 1584 1185 1666">
    <p class='ocr_par' dir='ltr' id='par_1_3' title="bbox 162 1584 1185 1666">
     <span class='ocr_line' id='line_1_10' title="bbox 162 1584 1185 1666; baseline -0.007 -12"><span class='ocrx_word' id='word_1_63' title='bbox 162 1599 164 1602; x_wconf 77' lang='grc'>’</span> <span class='ocrx_word' id='word_1_64' title='bbox 249 1608 309 1653; x_wconf 90' lang='lat' dir='ltr'><em>nos</em></span> <span class='ocrx_word' id='word_1_65' title='bbox 342 1607 511 1666; x_wconf 87' lang='lat' dir='ltr'><em>vocamus,</em></span> <span class='ocrx_word' id='word_1_66' title='bbox 542 1585 733 1664; x_wconf 85' lang='lat' dir='ltr'><em>bonitatem,</em></span> <span class='ocrx_word' id='word_1_67' title='bbox 767 1586 791 1649; x_wconf 87' lang='lat' dir='ltr'><em>i.</em></span> <span class='ocrx_word' id='word_1_68' title='bbox 814 1605 842 1648; x_wconf 93' lang='lat' dir='ltr'><em>e.</em></span> <span class='ocrx_word' id='word_1_69' title='bbox 866 1584 1011 1648; x_wconf 88' lang='lat' dir='ltr'><em>virtutem</em></span> <span class='ocrx_word' id='word_1_70' title='bbox 1035 1601 1185 1648; x_wconf 87' lang='lat' dir='ltr'><em>summam</em></span> 
     </span>
    </p>
   </div>
   <div class='ocr_carea' id='block_1_4' title="bbox 248 1701 1189 2369">
    <p class='ocr_par' dir='ltr' id='par_1_4' title="bbox 248 1701 1189 2369">
     <span class='ocr_line' id='line_1_11' title="bbox 250 1701 1185 1787; baseline -0.005 -18"><span class='ocrx_word' id='word_1_71' title='bbox 250 1703 482 1787; x_wconf 82' lang='lat' dir='ltr'><em>perfectamque</em></span> <span class='ocrx_word' id='word_1_72' title='bbox 525 1703 758 1784; x_wconf 85' lang='lat' dir='ltr'><em>intelligamus,</em></span> <span class='ocrx_word' id='word_1_73' title='bbox 803 1709 934 1780; x_wconf 85' lang='lat' dir='ltr'><em>eamque</em></span> <span class='ocrx_word' id='word_1_74' title='bbox 961 1718 1024 1763; x_wconf 89' lang='lat' dir='ltr'><em>nun</em></span> <span class='ocrx_word' id='word_1_75' title='bbox 1059 1701 1185 1780; x_wconf 89' lang='lat' dir='ltr'><em>minus,</em></span> 
     </span>
     <span class='ocr_line' id='line_1_12' title="bbox 248 1801 1183 1904; baseline -0.006 -18"><span class='ocrx_word' id='word_1_76' title='bbox 248 1841 340 1904; x_wconf 88' lang='lat' dir='ltr'><em>quam</em></span> <span class='ocrx_word' id='word_1_77' title='bbox 362 1801 563 1885; x_wconf 87' lang='lat' dir='ltr'><em>clementiam</em></span> <span class='ocrx_word' id='word_1_78' title='bbox 580 1836 611 1884; x_wconf 91' lang='lat' dir='ltr'><em>et</em></span> <span class='ocrx_word' id='word_1_79' title='bbox 634 1817 878 1897; x_wconf 86' lang='lat' dir='ltr'><em>benignitatem,</em></span> <span class='ocrx_word' id='word_1_80' title='bbox 909 1818 947 1881; x_wconf 88' lang='lat' dir='ltr'><em>ad</em></span> <span class='ocrx_word' id='word_1_81' title='bbox 970 1815 1029 1881; x_wconf 88' lang='lat' dir='ltr'><em>Dei</em></span> <span class='ocrx_word' id='word_1_82' title='bbox 1051 1815 1183 1880; x_wconf 89' lang='lat' dir='ltr'><em>attribu·</em></span> 
     </span>
     <span class='ocr_line' id='line_1_13' title="bbox 252 1931 1185 2017; baseline -0.001 -16"><span class='ocrx_word' id='word_1_83' title='bbox 252 1956 305 2017; x_wconf 90' lang='lat' dir='ltr'><em>ta,</em></span> <span class='ocrx_word' id='word_1_84' title='bbox 336 1937 399 2002; x_wconf 90' lang='lat' dir='ltr'><em>imo</em></span> <span class='ocrx_word' id='word_1_85' title='bbox 430 1955 505 2002; x_wconf 87' lang='lat' dir='ltr'><em>vero</em></span> <span class='ocrx_word' id='word_1_86' title='bbox 532 1937 569 2000; x_wconf 90' lang='lat' dir='ltr'><em>ad</em></span> <span class='ocrx_word' id='word_1_87' title='bbox 593 1934 716 2000; x_wconf 86' lang='lat' dir='ltr'><em>divinae</em></span> <span class='ocrx_word' id='word_1_88' title='bbox 738 1949 863 2001; x_wconf 86' lang='lat' dir='ltr'><em>naturae</em></span> <span class='ocrx_word' id='word_1_89' title='bbox 885 1939 984 2003; x_wconf 78' lang='lat' dir='ltr'><em>eloim</em></span> <span class='ocrx_word' id='word_1_90' title='bbox 1004 1931 1185 2006; x_wconf 67' lang='lat' dir='ltr'><em>referamus,</em></span> 
     </span>
     <span class='ocr_line' id='line_1_14' title="bbox 251 2035 1187 2135; baseline -0.002 -17"><span class='ocrx_word' id='word_1_91' title='bbox 251 2054 287 2118; x_wconf 92' lang='lat' dir='ltr'><em>ld</em></span> <span class='ocrx_word' id='word_1_92' title='bbox 316 2053 435 2117; x_wconf 87' lang='lat' dir='ltr'><em>scilicet</em></span> <span class='ocrx_word' id='word_1_93' title='bbox 468 2038 660 2135; x_wconf 75' lang='lat' dir='ltr'><em>intelligebat</em></span> <span class='ocrx_word' id='word_1_94' title='bbox 694 2052 820 2117; x_wconf 87' lang='lat' dir='ltr'><em>divinus</em></span> <span class='ocrx_word' id='word_1_95' title='bbox 852 2052 973 2115; x_wconf 87' lang='lat' dir='ltr'><em>divinae</em></span> <span class='ocrx_word' id='word_1_96' title='bbox 994 2064 1120 2116; x_wconf 87' lang='lat' dir='ltr'><em>naturae</em></span> <span class='ocrx_word' id='word_1_97' title='bbox 1139 2035 1187 2116; x_wconf 90' lang='lat' dir='ltr'><em>in·</em></span> 
     </span>
     <span class='ocr_line' id='line_1_15' title="bbox 252 2167 1189 2252; baseline 0.003 -20"><span class='ocrx_word' id='word_1_98' title='bbox 252 2183 395 2250; x_wconf 89' lang='lat' dir='ltr'><em>terprcs‚</em></span> <span class='ocrx_word' id='word_1_99' title='bbox 428 2189 525 2250; x_wconf 89' lang='lat' dir='ltr'><em>quum</em></span> <span class='ocrx_word' id='word_1_100' title='bbox 554 2169 686 2252; x_wconf 88' lang='lat' dir='ltr'><em>juveni,</em></span> <span class='ocrx_word' id='word_1_101' title='bbox 717 2170 770 2249; x_wconf 88' lang='lat' dir='ltr'><em>qni</em></span> <span class='ocrx_word' id='word_1_102' title='bbox 803 2169 907 2251; x_wconf 90' lang='lat' dir='ltr'><em>ipsum</em></span> <span class='ocrx_word' id='word_1_103' title='bbox 930 2167 1049 2251; x_wconf 83' lang='lat' dir='ltr'><em>vulgari</em></span> <span class='ocrx_word' id='word_1_104' title='bbox 1069 2169 1189 2234; x_wconf 87' lang='lat' dir='ltr'><em>ratione</em></span> 
     </span>
     <span class='ocr_line' id='line_1_16' title="bbox 250 2285 1185 2369; baseline 0.003 -20"><span class='ocrx_word' id='word_1_105' title='bbox 250 2288 360 2350; x_wconf 81' lang='lat' dir='ltr'><em>bonam</em></span> <span class='ocrx_word' id='word_1_106' title='bbox 392 2289 579 2369; x_wconf 81' lang='lat' dir='ltr'><em>magistram</em></span> <span class='ocrx_word' id='word_1_107' title='bbox 613 2287 843 2367; x_wconf 79' lang='lat' dir='ltr'><em>appellaverat,</em></span> <span class='ocrx_word' id='word_1_108' title='bbox 885 2285 962 2350; x_wconf 88' lang='lat' dir='ltr'><em>illud</em></span> <span class='ocrx_word' id='word_1_109' title='bbox 995 2286 1185 2368; x_wconf 82' lang='lat' dir='ltr'><em>reponebat:</em></span> 
     </span>
    </p>
   </div>
   <div class='ocr_carea' id='block_1_5' title="bbox 156 2404 1191 2625">
    <p class='ocr_par' dir='ltr' id='par_1_5' title="bbox 156 2404 1191 2625">
     <span class='ocr_line' id='line_1_17' title="bbox 251 2404 1187 2487; baseline 0.001 -17"><span class='ocrx_word' id='word_1_110' title='bbox 251 2406 294 2470; x_wconf 69' lang='grc' dir='ltr'><em>Τί</em></span> <span class='ocrx_word' id='word_1_111' title='bbox 319 2431 360 2486; x_wconf 83' lang='grc' dir='ltr'><em>με</em></span> <span class='ocrx_word' id='word_1_112' title='bbox 387 2405 490 2484; x_wconf 73' lang='grc' dir='ltr'><strong><em>λέγεις</em></strong></span> <span class='ocrx_word' id='word_1_113' title='bbox 519 2407 652 2485; x_wconf 75' lang='lat' dir='ltr'><em>oiyalio3</em></span> <span class='ocrx_word' id='word_1_114' title='bbox 695 2406 787 2479; x_wconf 73' lang='lat' dir='ltr'><em>aalide</em></span> <span class='ocrx_word' id='word_1_115' title='bbox 806 2407 940 2486; x_wconf 70' lang='grc' dir='ltr'><em>ἀγαθὸς,</em></span> <span class='ocrx_word' id='word_1_116' title='bbox 972 2408 997 2473; x_wconf 80' lang='lat' dir='ltr'><em>ai</em></span> <span class='ocrx_word' id='word_1_117' title='bbox 1015 2407 1059 2487; x_wconf 71' lang='lat' dir='ltr'><em>pelo</em></span> <span class='ocrx_word' id='word_1_118' title='bbox 1079 2404 1142 2484; x_wconf 76' lang='grc' dir='ltr'><em>εἷς,</em></span> <span class='ocrx_word' id='word_1_119' title='bbox 1172 2410 1187 2474; x_wconf 79' lang='grc' dir='ltr'><em>ὃ</em></span> 
     </span>
     <span class='ocr_line' id='line_1_18' title="bbox 156 2517 1191 2625; baseline 0.003 -36"><span class='ocrx_word' id='word_1_120' title='bbox 156 2609 163 2625; x_wconf 30' lang='grc' dir='ltr'>ν</span> <span class='ocrx_word' id='word_1_121' title='bbox 253 2521 336 2595; x_wconf 73' lang='lat' dir='ltr'><em>eade.</em></span> <span class='ocrx_word' id='word_1_122' title='bbox 352 2517 393 2587; x_wconf 61' lang='grc' dir='ltr'><em>(ὅ)</em></span> <span class='ocrx_word' id='word_1_123' title='bbox 447 2519 508 2584; x_wconf 85' lang='lat' dir='ltr'><em>Sed</em></span> <span class='ocrx_word' id='word_1_124' title='bbox 527 2538 587 2583; x_wconf 89' lang='lat' dir='ltr'><em>nos</em></span> <span class='ocrx_word' id='word_1_125' title='bbox 606 2521 644 2584; x_wconf 88' lang='lat' dir='ltr'><em>de</em></span> <span class='ocrx_word' id='word_1_126' title='bbox 664 2523 761 2585; x_wconf 88' lang='lat' dir='ltr'><em>altero</em></span> <span class='ocrx_word' id='word_1_127' title='bbox 786 2519 858 2584; x_wconf 90' lang='lat' dir='ltr'><em>item</em></span> <span class='ocrx_word' id='word_1_128' title='bbox 880 2522 1017 2614; x_wconf 86' lang='lat' dir='ltr'><em>Platonis</em></span> <span class='ocrx_word' id='word_1_129' title='bbox 1039 2525 1104 2606; x_wconf 72' lang='grc' dir='ltr'><em>περὶ</em></span> <span class='ocrx_word' id='word_1_130' title='bbox 1129 2527 1191 2592; x_wconf 80' lang='lat' dir='ltr'><em>lat·</em></span> 
     </span>
    </p>
   </div>
   <div class='ocr_carea' id='block_1_6' title="bbox 168 2636 1212 3527">
    <p class='ocr_par' dir='ltr' id='par_1_6' title="bbox 168 2636 664 2721">
     <span class='ocr_line' id='line_1_19' title="bbox 168 2636 664 2721; baseline 0.01 -24"><span class='ocrx_word' id='word_1_131' title='bbox 168 2696 174 2709; x_wconf 76' lang='lat'>‚</span> <span class='ocrx_word' id='word_1_132' title='bbox 252 2640 359 2716; x_wconf 66' lang='lat' dir='ltr'><em>Mylae</em></span> <span class='ocrx_word' id='word_1_133' title='bbox 380 2639 464 2721; x_wconf 74' lang='grc' dir='ltr'>τύπῳ</span> <span class='ocrx_word' id='word_1_134' title='bbox 487 2636 664 2702; x_wconf 74' lang='lat' dir='ltr'><em>videamus·</em></span> 
     </span>
    </p>

    <p class='ocr_par' dir='ltr' id='par_1_7' title="bbox 205 2752 1212 3527">
     <span class='ocr_line' id='line_1_20' title="bbox 295 2752 1196 2835; baseline 0.003 -19"><span class='ocrx_word' id='word_1_135' title='bbox 295 2753 398 2818; x_wconf 81' lang='lat' dir='ltr'><em>Bonos</em></span> <span class='ocrx_word' id='word_1_136' title='bbox 427 2754 523 2835; x_wconf 84' lang='lat' dir='ltr'><em>igitur</em></span> <span class='ocrx_word' id='word_1_137' title='bbox 547 2755 634 2819; x_wconf 87' lang='lat' dir='ltr'><em>Deus</em></span> <span class='ocrx_word' id='word_1_138' title='bbox 657 2767 727 2832; x_wconf 90' lang='lat' dir='ltr'><em>est,</em></span> <span class='ocrx_word' id='word_1_139' title='bbox 752 2753 795 2816; x_wconf 88' lang='lat' dir='ltr'><em>ait</em></span> <span class='ocrx_word' id='word_1_140' title='bbox 813 2753 982 2832; x_wconf 88' lang='lat' dir='ltr'><em>Socrates,</em></span> <span class='ocrx_word' id='word_1_141' title='bbox 1006 2752 1096 2833; x_wconf 81' lang='lat' dir='ltr'><em>eique</em></span> <span class='ocrx_word' id='word_1_142' title='bbox 1114 2767 1196 2819; x_wconf 73' lang='lat' dir='ltr'><em>com·</em></span> 
     </span>
     <span class='ocr_line' id='line_1_21' title="bbox 253 2847 1189 2949; baseline 0.013 -21"><span class='ocrx_word' id='word_1_143' title='bbox 253 2861 353 2930; x_wconf 86' lang='lat' dir='ltr'><em>traria&#39;</em></span> <span class='ocrx_word' id='word_1_144' title='bbox 375 2883 449 2931; x_wconf 84' lang='lat' dir='ltr'><em>sunt</em></span> <span class='ocrx_word' id='word_1_145' title='bbox 473 2885 678 2949; x_wconf 88' lang='lat' dir='ltr'><em>quaecunque</em></span> <span class='ocrx_word' id='word_1_146' title='bbox 704 2885 763 2930; x_wconf 89' lang='lat' dir='ltr'><em>nos</em></span> <span class='ocrx_word' id='word_1_147' title='bbox 784 2868 870 2931; x_wconf 84' lang='lat' dir='ltr'><em>roala</em></span> <span class='ocrx_word' id='word_1_148' title='bbox 893 2885 1002 2933; x_wconf 85' lang='lat' dir='ltr'><em>vocare</em></span> <span class='ocrx_word' id='word_1_149' title='bbox 1029 2847 1189 2940; x_wconf 80' lang='lat' dir='ltr'><em>solemus:</em></span> 
     </span>
     <span class='ocr_line' id='line_1_22' title="bbox 255 2984 1191 3069; baseline 0.007 -22"><span class='ocrx_word' id='word_1_150' title='bbox 255 2984 366 3048; x_wconf 90' lang='lat' dir='ltr'><em>horum</em></span> <span class='ocrx_word' id='word_1_151' title='bbox 399 2986 541 3050; x_wconf 88' lang='lat' dir='ltr'><em>homines</em></span> <span class='ocrx_word' id='word_1_152' title='bbox 574 3001 717 3049; x_wconf 87' lang='lat' dir='ltr'><em>auctores</em></span> <span class='ocrx_word' id='word_1_153' title='bbox 748 2984 946 3049; x_wconf 86' lang='lat' dir='ltr'><em>existimandi</em></span> <span class='ocrx_word' id='word_1_154' title='bbox 980 3000 1079 3069; x_wconf 91' lang='lat' dir='ltr'><em>sunt,</em></span> <span class='ocrx_word' id='word_1_155' title='bbox 1103 2988 1191 3054; x_wconf 87' lang='lat' dir='ltr'><em>Deus</em></span> 
     </span>
     <span class='ocr_line' id='line_1_23' title="bbox 255 3097 1212 3187; baseline 0.001 -23"><span class='ocrx_word' id='word_1_156' title='bbox 255 3118 320 3164; x_wconf 88' lang='lat' dir='ltr'><em>non</em></span> <span class='ocrx_word' id='word_1_157' title='bbox 341 3117 449 3166; x_wconf 88' lang='lat' dir='ltr'><em>auctor</em></span> <span class='ocrx_word' id='word_1_158' title='bbox 471 3119 531 3168; x_wconf 86' lang='lat' dir='ltr'><em>est.</em></span> <span class='ocrx_word' id='word_1_159' title='bbox 576 3102 662 3187; x_wconf 84' lang='lat' dir='ltr'><em>Quid</em></span> <span class='ocrx_word' id='word_1_160' title='bbox 694 3121 767 3166; x_wconf 88' lang='lat' dir='ltr'><em>vero</em></span> <span class='ocrx_word' id='word_1_161' title='bbox 798 3104 955 3168; x_wconf 85' lang='lat' dir='ltr'><em>secundus</em></span> <span class='ocrx_word' id='word_1_162' title='bbox 984 3103 1035 3168; x_wconf 89' lang='lat' dir='ltr'><em>hic</em></span> <span class='ocrx_word' id='word_1_163' title='bbox 1069 3097 1212 3182; x_wconf 55' lang='lat' dir='ltr'><em>aaziae.</em></span> 
     </span>
     <span class='ocr_line' id='line_1_24' title="bbox 205 3217 1191 3302; baseline 0.011 -24"><span class='ocrx_word' id='word_1_164' title='bbox 205 3268 208 3278; x_wconf 78' lang='grc'><strong>,</strong></span> <span class='ocrx_word' id='word_1_165' title='bbox 256 3217 342 3282; x_wconf 92' lang='lat' dir='ltr'><em>Num</em></span> <span class='ocrx_word' id='word_1_166' title='bbox 366 3217 521 3283; x_wconf 88' lang='lat' dir='ltr'><em>existimas</em></span> <span class='ocrx_word' id='word_1_167' title='bbox 543 3219 806 3302; x_wconf 81' lang='lat' dir='ltr'><em>praestigiatorem</em></span> <span class='ocrx_word' id='word_1_168' title='bbox 831 3239 899 3283; x_wconf 87' lang='lat' dir='ltr'><em>esse</em></span> <span class='ocrx_word' id='word_1_169' title='bbox 920 3222 1040 3301; x_wconf 90' lang='lat' dir='ltr'><em>Deum,</em></span> <span class='ocrx_word' id='word_1_170' title='bbox 1064 3238 1114 3301; x_wconf 89' lang='lat' dir='ltr'><em>et,</em></span> <span class='ocrx_word' id='word_1_171' title='bbox 1137 3242 1191 3289; x_wconf 87' lang='lat' dir='ltr'><em>ve·</em></span> 
     </span>
     <span class='ocr_line' id='line_1_25' title="bbox 255 3332 1191 3418; baseline 0.007 -21"><span class='ocrx_word' id='word_1_172' title='bbox 255 3332 314 3397; x_wconf 91' lang='lat' dir='ltr'><em>luti</em></span> <span class='ocrx_word' id='word_1_173' title='bbox 333 3352 370 3398; x_wconf 88' lang='lat' dir='ltr'><em>cx</em></span> <span class='ocrx_word' id='word_1_174' title='bbox 389 3333 530 3415; x_wconf 86' lang='lat' dir='ltr'><em>insidiis,</em></span> <span class='ocrx_word' id='word_1_175' title='bbox 551 3337 626 3402; x_wconf 91' lang='lat' dir='ltr'><em>alias</em></span> <span class='ocrx_word' id='word_1_176' title='bbox 650 3337 706 3400; x_wconf 89' lang='lat' dir='ltr'><em>alia</em></span> <span class='ocrx_word' id='word_1_177' title='bbox 728 3337 788 3399; x_wconf 90' lang='lat' dir='ltr'><em>sub</em></span> <span class='ocrx_word' id='word_1_178' title='bbox 813 3336 917 3417; x_wconf 88' lang='lat' dir='ltr'><em>specie</em></span> <span class='ocrx_word' id='word_1_179' title='bbox 937 3339 1109 3418; x_wconf 76' lang='lat' dir='ltr'><em>apparere?</em></span> <span class='ocrx_word' id='word_1_180' title='bbox 1152 3357 1191 3404; x_wconf 90' lang='lat' dir='ltr'><em>an</em></span> 
     </span>
     <span class='ocr_line' id='line_1_26' title="bbox 256 3438 1192 3527; baseline 0.007 -23"><span class='ocrx_word' id='word_1_181' title='bbox 256 3457 331 3504; x_wconf 86' lang='lat' dir='ltr'><em>vcro</em></span> <span class='ocrx_word' id='word_1_182' title='bbox 352 3438 523 3520; x_wconf 88' lang='lat' dir='ltr'><em>simplicem</em></span> <span class='ocrx_word' id='word_1_183' title='bbox 539 3461 607 3505; x_wconf 89' lang='lat' dir='ltr'><em>esse</em></span> <span class='ocrx_word' id='word_1_184' title='bbox 626 3443 734 3524; x_wconf 88' lang='lat' dir='ltr'><em>potius</em></span> <span class='ocrx_word' id='word_1_185' title='bbox 756 3442 942 3524; x_wconf 88' lang='lat' dir='ltr'><em>minimeque</em></span> <span class='ocrx_word' id='word_1_186' title='bbox 963 3445 1102 3509; x_wconf 76' lang='lat' dir='ltr'><em>ninnium</em></span> <span class='ocrx_word' id='word_1_187' title='bbox 1120 3445 1192 3527; x_wconf 84' lang='lat' dir='ltr'><em>spe-</em></span> 
     </span>
    </p>
   </div>
   <div class='ocr_carea' id='block_1_7' title="bbox 1114 3561 1192 3628">
    <p class='ocr_par' dir='ltr' id='par_1_8' title="bbox 1114 3561 1192 3628">
     <span class='ocr_line' id='line_1_27' title="bbox 1114 3561 1192 3628; baseline 0 0"><span class='ocrx_word' id='word_1_188' title='bbox 1114 3561 1192 3628; x_wconf 86' lang='lat' dir='ltr'><em>cient</em></span> 
     </span>
    </p>
   </div>
   <div class='ocr_carea' id='block_1_8' title="bbox 258 3755 1193 4099">
    <p class='ocr_par' dir='ltr' id='par_1_9' title="bbox 258 3755 1193 4099">
     <span class='ocr_line' id='line_1_28' title="bbox 292 3755 1187 3828; baseline 0.006 -18"><span class='ocrx_word' id='word_1_189' title='bbox 292 3756 335 3826; x_wconf 83' lang='lat' dir='ltr'><em>(t)</em></span> <span class='ocrx_word' id='word_1_190' title='bbox 354 3755 414 3808; x_wconf 85' lang='lat' dir='ltr'><em>Cic.</em></span> <span class='ocrx_word' id='word_1_191' title='bbox 434 3759 466 3808; x_wconf 79' lang='lat' dir='ltr'><em>tle</em></span> <span class='ocrx_word' id='word_1_192' title='bbox 483 3759 553 3810; x_wconf 85' lang='lat' dir='ltr'><em>Nar.</em></span> <span class='ocrx_word' id='word_1_193' title='bbox 572 3760 659 3809; x_wconf 80' lang='lat' dir='ltr'><em>Daor.</em></span> <span class='ocrx_word' id='word_1_194' title='bbox 677 3759 734 3813; x_wconf 85' lang='lat'>111.</span> <span class='ocrx_word' id='word_1_195' title='bbox 751 3759 795 3813; x_wconf 77' lang='lat'><em>34.</em></span> <span class='ocrx_word' id='word_1_196' title='bbox 831 3761 872 3828; x_wconf 81' lang='lat' dir='ltr'><em>(a)</em></span> <span class='ocrx_word' id='word_1_197' title='bbox 894 3759 988 3828; x_wconf 81' lang='lat' dir='ltr'><em>Nuper</em></span> <span class='ocrx_word' id='word_1_198' title='bbox 1001 3759 1097 3815; x_wconf 78' lang='lat' dir='ltr'><em>dehoc</em></span> <span class='ocrx_word' id='word_1_199' title='bbox 1109 3763 1187 3828; x_wconf 87' lang='lat' dir='ltr'><em>loco,</em></span> 
     </span>
     <span class='ocr_line' id='line_1_29' title="bbox 258 3844 1193 3919; baseline 0.011 -24"><span class='ocrx_word' id='word_1_200' title='bbox 258 3845 287 3896; x_wconf 82' lang='lat' dir='ltr'><em>in</em></span> <span class='ocrx_word' id='word_1_201' title='bbox 304 3848 377 3898; x_wconf 84' lang='lat' dir='ltr'><em>omui</em></span> <span class='ocrx_word' id='word_1_202' title='bbox 396 3844 528 3915; x_wconf 67' lang='lat' dir='ltr'><em>theologia</em></span> <span class='ocrx_word' id='word_1_203' title='bbox 546 3849 703 3915; x_wconf 77' lang='lat' dir='ltr'><em>gravissimo</em></span> <span class='ocrx_word' id='word_1_204' title='bbox 714 3884 722 3913; x_wconf 94' lang='lat'><em>,</em></span> <span class='ocrx_word' id='word_1_205' title='bbox 735 3850 934 3917; x_wconf 67' lang='lat' dir='ltr'><em>&#39;elegancapud</em></span> <span class='ocrx_word' id='word_1_206' title='bbox 951 3865 1002 3904; x_wconf 85' lang='lat' dir='ltr'><em>nos</em></span> <span class='ocrx_word' id='word_1_207' title='bbox 1016 3852 1120 3919; x_wconf 85' lang='lat' dir='ltr'><em>prodiit</em></span> <span class='ocrx_word' id='word_1_208' title='bbox 1132 3852 1193 3905; x_wconf 80' lang='lat' dir='ltr'><em>dis·</em></span> 
     </span>
     <span class='ocr_line' id='line_1_30' title="bbox 259 3934 1192 4013; baseline 0.01 -25"><span class='ocrx_word' id='word_1_209' title='bbox 259 3935 372 4004; x_wconf 74' lang='lat' dir='ltr'><em>quintio</em></span> <span class='ocrx_word' id='word_1_210' title='bbox 392 3936 420 3988; x_wconf 83' lang='lat' dir='ltr'><em>J.</em></span> <span class='ocrx_word' id='word_1_211' title='bbox 433 3936 467 3988; x_wconf 84' lang='grc' dir='ltr'><em>Η.</em></span> <span class='ocrx_word' id='word_1_212' title='bbox 480 3934 636 3990; x_wconf 83' lang='lat' dir='ltr'><em>Schulteni:</em></span> <span class='ocrx_word' id='word_1_213' title='bbox 656 3939 689 3988; x_wconf 82' lang='lat' dir='ltr'><em>de</em></span> <span class='ocrx_word' id='word_1_214' title='bbox 700 3941 756 3989; x_wconf 83' lang='lat' dir='ltr'><em>Del</em></span> <span class='ocrx_word' id='word_1_215' title='bbox 766 3956 835 4008; x_wconf 81' lang='lat' dir='ltr'><em>erga</em></span> <span class='ocrx_word' id='word_1_216' title='bbox 845 3938 984 3992; x_wconf 79' lang='lat' dir='ltr'><em>hominem</em></span> <span class='ocrx_word' id='word_1_217' title='bbox 995 3959 1098 3994; x_wconf 85' lang='lat' dir='ltr'><em>amore.</em></span> <span class='ocrx_word' id='word_1_218' title='bbox 1116 3941 1192 4013; x_wconf 82' lang='lat' dir='ltr'><em>&#39;l&#39;cuj.</em></span> 
     </span>
     <span class='ocr_line' id='line_1_31' title="bbox 259 4020 975 4099; baseline 0.011 -24"><span class='ocrx_word' id='word_1_219' title='bbox 259 4024 290 4076; x_wconf 77' lang='lat' dir='ltr'><em>td</em></span> <span class='ocrx_word' id='word_1_220' title='bbox 303 4023 355 4078; x_wconf 65' lang='lat' dir='ltr'><em>itta</em></span> <span class='ocrx_word' id='word_1_221' title='bbox 374 4026 452 4080; x_wconf 78' lang='lat'><strong>1836.</strong></span> <span class='ocrx_word' id='word_1_222' title='bbox 490 4073 491 4076; x_wconf 68' lang='grc'>,</span> <span class='ocrx_word' id='word_1_223' title='bbox 513 4025 553 4097; x_wconf 70' lang='grc' dir='ltr'><em>(ὅ)</em></span> <span class='ocrx_word' id='word_1_224' title='bbox 572 4028 687 4096; x_wconf 73' lang='lat' dir='ltr'><em>Euang.</em></span> <span class='ocrx_word' id='word_1_225' title='bbox 697 4020 792 4080; x_wconf 67' lang='lat' dir='ltr'><em>biom·</em></span> <span class='ocrx_word' id='word_1_226' title='bbox 803 4025 917 4082; x_wconf 77' lang='lat' dir='ltr'><strong>XVIII·</strong></span> <span class='ocrx_word' id='word_1_227' title='bbox 929 4044 975 4099; x_wconf 74' lang='grc'><em>19.-</em></span> 
     </span>
    </p>
   </div>
   <div class='ocr_carea' id='block_1_9' title="bbox 0 0 1467 5168">
    <p class='ocr_par' dir='ltr' id='par_1_10' title="bbox 0 0 1467 5168">
     <span class='ocr_line' id='line_1_32' title="bbox 0 0 1467 5168; baseline 0 0"><span class='ocrx_word' id='word_1_228' title='bbox 0 0 1467 5168; x_wconf 95' lang='lat' dir='ltr'><em> </em></span> 
     </span>
    </p>
   </div>
  </div>
 </body>
</html>
