2896 5168
623 459 810 522 -108-

257 638 327 721 bis,
348 651 468 721 praeter
487 610 634 702 rationein
655 655 690 700 ac
711 636 915 716 cupiditates,
937 633 1061 699 tertium
1080 635 1182 716 quid,

260 755 346 836 quod
367 760 454 835 θυμὸς
470 753 632 818 dicendum
650 768 718 832 est,
739 751 874 818 videtur.
919 751 990 817 Hoc
1010 753 1180 834 veroquid

256 885 303 935 est
328 887 359 935 et
386 869 641 950 quemadmodum
667 884 714 933 est
741 867 780 932 ab
812 868 873 933 illis
902 869 1179 950 distinguendum?

256 987 352 1070 Apud
382 1005 441 1051 nos
470 983 536 1050 fere
565 985 619 1067 qui
643 983 771 1051 ethicam
795 985 942 1064 tradunt,
964 985 1079 1064 requiri
1104 986 1181 1066 quid
1225 1000 1229 1023 ¹

254 1120 375 1187 praeter
395 1105 459 1168 duo
481 1102 554 1183 illa,
576 1100 694 1165 vident.
749 1100 941 1197 Memorare,
954 1099 1049 1180 igitur
1076 1101 1184 1167 volun·

255 1225 333 1285 ratis
354 1219 503 1301 quaradam
529 1218 591 1282 vina
615 1214 856 1296 facultatemque
877 1216 991 1283 solent.
1041 1215 1109 1281 Nec
1132 1237 1182 1283 sa·

254 1357 295 1403 ne
320 1354 449 1401 temere:
473 1353 542 1399 narn
568 1333 691 1398 tertium
714 1332 775 1397 illis
805 1334 947 1412 accedat,
970 1352 1097 1410 necesse
1117 1349 1178 1399 est.

255 1452 331 1539 Quo
357 1453 452 1536 magis
482 1471 594 1535 operae
624 1453 755 1534 pretium
788 1468 858 1534 cst,
892 1454 947 1519 hac
977 1452 1046 1536 ipsa
1075 1455 1115 1520 de
1145 1473 1180 1521 re

207 1573 211 1583 '
254 1572 412 1635 Socratem
443 1589 515 1635 cunr
540 1569 788 1635 adolescentibus
811 1569 873 1634 illis
893 1570 1102 1652 disputantem
1125 1588 1181 1637 au·

253 1687 329 1752 dire.
375 1687 487 1753 Narrat
514 1686 690 1768 continua,
712 1689 800 1770 quod
820 1687 858 1755 dc
875 1686 1030 1769 Leontio,
1053 1689 1180 1771 Aglaio-

143 1857 146 1862 .
252 1801 410 1880 nislilio,
444 1818 602 1886 acceperat
622 1805 804 1886 aliquando:
849 1806 978 1871 hunce
1010 1806 1114 1872 Piraeo
1148 1805 1180 1871 in

254 1920 360 2009 urbem
392 1920 658 2002 progredientem,
694 1940 791 2003 qutun
819 1923 965 1986 cadavera
991 1920 1191 1987 animantur-¹

253 2050 331 2099 teret
354 2035 386 2099 in
406 2037 511 2101 cloaca
531 2037 656 2116 publica
673 2038 827 2121 jacentia,
848 2037 940 2102 simul
963 2051 993 2101 et
1009 2035 1114 2104 videre
1131 2037 1182 2104 illa

250 2150 411 2231 cupivisse
432 2169 462 2216 et
477 2151 679 2219 abhorruisse
703 2171 800 2234 seque
817 2152 989 2221 auertisset
1012 2168 1043 2218 et
1061 2153 1179 2220 dudum

252 2269 377 2348 quidem
410 2268 451 2333 ita
477 2287 582 2334 secum
613 2270 713 2350 ipsum
742 2288 897 2351 pugnasse
921 2270 1107 2352 vultumque
1136 2285 1183 2334 te·

254 2386 361 2466 xisse,
385 2401 563 2465 superatum
592 2404 667 2450 vero
696 2387 817 2451 tandem
848 2386 1037 2467 cupiditate,
1069 2387 1107 2451 ad
1131 2404 1183 2450 ca·
1276 2445 1283 2460 ,

253 2497 515 2566 davera'intentis
546 2505 645 2567 oculis
679 2503 872 2581 accurrisse,
894 2501 1066 2567 dicentemr
1111 2520 1183 2569 ecce

252 2619 314 2702 ianr
330 2618 444 2697 vobis,
467 2617 589 2698 miseri,
609 2621 793 2684 desiderium
812 2635 948 2683 vestrum
965 2619 1075 2699 pulcro
1093 2636 1184 2700 spec·

255 2736 357 2800 taculo
379 2736 523 2816 explete!
577 2737 674 2821 Quod
695 2736 750 2800 ubi
771 2736 904 2811 narravit
929 2734 1094 2814 Socrates,
1121 2747 1186 2824 tes·

200 2859 205 2866 '
253 2868 336 2916 tatur
363 2852 421 2932 id,
451 2852 578 2934 inquit,
613 2852 687 2917 irunt
711 2852 845 2918 subinde
870 2868 1006 2934 pugnare
1032 2868 1101 2913 cum
1128 2867 1184 2914 cu·

252 2967 460 3050 piditatibns,
482 2970 571 3051 quasi
596 2971 669 3034 baec
693 2989 710 3034 a
737 2988 772 3034 se
797 2967 928 3033 invicem
954 2965 1075 3032 diversa
1107 2965 1183 3035 sint.

225 3080 228 3085 ’
256 3078 339 3179 Tum
370 3100 489 3165 perga:
541 3102 645 3150 nonne
672 3101 703 3149 et
730 3083 804 3151 alibi
830 3082 940 3147 crebro
971 3082 1186 3148 animadverti·

255 3218 347 3279 mus,
370 3200 425 3264 ubi
445 3202 506 3266 vim
531 3197 670 3265 inferunt
692 3200 785 3266 alicui
812 3214 933 3283 praeter
959 3199 1106 3301 rationem
1130 3215 1187 3262 cu·

257 3315 421 3398 piditates,
443 3317 607 3402 objurgare
638 3318 742 3401 ipsum
777 3335 845 3380 sese
875 3329 906 3378 et
937 3316 1085 3381 adversus
1117 3332 1187 3379 earn

256 3430 307 3499 sui
328 3448 470 3515 partem,
493 3452 572 3514 quae
602 3433 663 3498 virn
690 3431 804 3509 infert,
828 3431 1001 3512 indignari,
1024 3447 1073 3511 et,
1096 3432 1185 3512 quasi

258 3549 383 3615 duobus
418 3549 696 3627 dissentientibus,
746 3548 925 3631 adjutricem
959 3548 1070 3612 rationi
1109 3546 1184 3613 iram
1279 3586 1283 3593 ·

259 3663 465 3731 succurrere?
487 3668 604 3730 ratione
627 3665 921 3746 autemintperante
940 3683 1005 3730 non
1031 3683 1099 3730 esse
1122 3664 1183 3729 sibi

257 3783 550 3861 contradicendum,
572 3783 645 3846 iram
667 3781 890 3865 cupiditatibus
908 3784 1104 3866 conjunctam
1126 3780 1186 3845 ob·

260 3899 368 3962 sistere
390 3897 453 3976 illi,
475 3897 607 3973 arbitror
630 3913 660 3960 te
681 3916 837 3978 nunquam
866 3901 914 3962 vel
939 3899 970 3963 itt
992 3914 1024 3963 te
1044 3899 1115 3982 ipso
1135 3900 1185 3962 vel

260 4014 293 4078 in
324 4017 385 4078 alLo
411 4014 610 4096 persensisse.
635 4051 677 4066 -
720 4014 888 4097 Nunquam
918 4034 971 4098 per
992 4013 1115 4098 jovem.
1137 4050 1185 4067 -

1104 4130 1192 4215 Quid
