2896 5168
525 431 741 540 -4⁵-'

155 640 230 707 haec
259 639 330 709 audi
356 650 525 721 praeterea.
569 638 668 705 Decet
698 632 781 704 enim
807 635 983 703 contrarios
1015 653 1079 703 ser·

149 771 264 824 moneo
296 755 442 824 inducere
474 762 605 834 eorum,
646 771 727 836 quoa
761 752 812 820 hic
841 751 972 833 attulit,
1011 749 1081 834 qui·

155 873 217 940 bus
245 873 386 939 laudatur
411 870 555 956 justitia,
578 869 731 956 injustitia
752 857 969 955 vituperatur:
1016 887 1082 965 quo

154 987 349 1057 mmifeetius
380 986 434 1054 fiat
463 987 533 1069 id,‘
562 989 648 1070 quod
679 987 803 1054 Glauco
838 989 920 1054 velle
946 986 1082 1065 videtur.
1176 1057 1178 1060 ,

155 1106 353 1188 Praecipiunt
392 1104 512 1171 scilieet
561 1117 665 1188 patres
704 1103 778 1171 filiis
820 1120 1004 1186 omnesque⁴
1027 1101 1083 1184 qui

152 1242 268 1319 ¹curam
280 1221 411 1291 aliorum
434 1220 572 1304 habent,
596 1234 743 1305 oportere
761 1222 880 1306 justum
904 1239 996 1304 ease,
1019 1239 1085 1287 non

157 1324 254 1424 ipsam
272 1338 425 1424 iustitiam
447 1327 630 1419 laudantes,
661 1340 717 1430 sed
737 1357 902 1421 summos,
930 1337 988 1423 qui
1015 1339 1087 1407 inde

157 1457 324 1540 oriuntur,
356 1458 507 1525 honores.
587 1455 726 1541 Flngont
758 1456 831 1522 item
866 1469 977 1539 poetae
1014 1474 1088 1523 cum

157 1594 300 1655 aureum.
310 1576 469 1661 justorum
499 1573 681 1653 saeculum,
720 1585 787 1638 tum
821 1575 1005 1656 praeclaram
1034 1590 1090 1638 eo·

157 1711 232 1760 rum
255 1693 290 1757 in
319 1689 447 1756 sedibus
476 1688 638 1754 beatorum
667 1664 742 1770 post
773 1687 868 1755 vitam
894 1685 1086 1755 felicitatem.
1118 1680 1121 1684 ’

152 1808 248 1877 llaec
295 1805 391 1892 iustis
430 1803 598 1885 tribuunt,
659 1802 786 1889 injustia
820 1822 899 1870 vero
927 1803 1084 1884 &decom
1172 1856 1176 1865 .

162 1921 426 2012 gmviaeimaaque
453 1937 528 2005 post
556 1919 650 1987 vitam
681 1912 813 2004 poenam
866 1921 990 1989 Praeter
1015 1919 1090 1988 haec

154 2037 324 2108 ‚concidero
348 2036 463 2117 etiam,
483 2037 654 2119 Socrates,
678 2036 764 2103 aliud
792 2037 948 2122 quoddam
975 2037 1090 2104 oratio·

163 2155 222 2223 nis·
239 2173 361 2240 genua,
387 2170 453 2236 quo
478 2170 588 2219 omnes
615 2152 833 2237 imprimisque
863 2169 976 2238 poetae
993 2167 1092 2222 utun·

163 2290 240 2354 tur,
271 2271 328 2337 ubi
353 2270 395 2336 de
412 2268 536 2354 justitia
555 2282 650 2352 atque
677 2269 832 2355 injustitia
858 2287 987 2355 agnou
1012 2273 1094 2341 Uni·

154 2389 248 2459 uerri
282 2387 363 2455 eninr
398 2404 463 2453 uno
499 2405 555 2454 ore
584 2401 725 2471 canunt,
753 2388 872 2455 bonum
908 2388 987 2471 quid
1015 2403 1095 2458 tem·

163 2504 334 2591 penuriam
356 2519 453 2588 atque
480 2503 633 2591 justitiam
659 2523 751 2587 erre,
778 2504 903 2572 difficile
930 2521 1032 2584 autem
1060 2522 1094 2576 et

165 2622 382 2705 laboriosum
424 2618 691 2705 intemperantiam
718 2640 796 2689 vero
822 2637 854 2690 et
884 2622 1093 2709 injurarium,

162 2740 337 2827 jucundum
370 2735 496 2822 quidem
524 2753 555 2806 et
586 2737 678 2805 facile
702 2753 904 2822 comparatu,
943 2742 1093 2824 opinione

98 2827 107 2841 ’
166 2874 269 2926 autem
295 2875 331 2924 ac
355 2857 424 2943 lege
443 2871 548 2939 turpe.
604 2856 770 2923 Caeterum
791 2855 906 2939 injusta
925 2856 990 2923 fere
1009 2859 1096 2926 utili·

168 2992 223 3041 ora
242 2992 312 3039 ecre
333 2971 443 3038 dicunt
462 2970 582 3056 justia,
602 2991 638 3037 ac
657 2972 755 3039 malos
778 2970 942 3052 homines,
964 2972 992 3040 ei
1014 2974 1097 3041 divi·
1141 3034 1144 3039 .

133 3103 216 3160 ‚tes
235 3103 311 3154 sunt
328 3105 365 3153 ac
386 3100 553 3171 potentes,
577 3087 687 3154 beatos
705 3089 902 3173 praedicant,
921 3091 1044 3177 bonor,
1066 3094 1095 3160 si

168 3199 337 3273 imbecilles
357 3222 393 3269 ac
413 3221 565 3287 pauperes
585 3219 680 3286 sunt,
704 3205 836 3275 miseros
855 3226 983 3277 vocant.
1007 3210 1096 3277 'Mi-

166 3336 237 3386 rum
257 3331 360 3385 autem
381 3319 533 3402 maxime,
550 3321 636 3403 quod
654 3322 695 3388 de
711 3318 783 3391 Diis
800 3343 836 3390 ac
853 3325 970 3394 virtute
986 3331 1096 3412 ajunt,

167 3437 258 3507 Deos
291 3435 435 3522 plurimis
470 3438 563 3506 bonit
600 3438 780 3507 hominibus
813 3440 969 3511 infelicem
1001 3443 1095 3511 vitam

167 3553 427 3634 dedisse‚,muis
446 3574 521 3622 vero
550 3555 687 3623 felicem.
730 3555 944 3625 Circulatoree
967 3559 1095 3642 insuper

156 3686 201 3737 et
231 3682 317 3737 vates
348 3673 386 3738 ad
413 3671 526 3755 ianuae
556 3673 689 3742 divitum
719 3675 923 3756 recedentes,
970 3695 1096 3759 persua·

69 3838 75 3847 .
168 3787 243 3854 dent
273 3787 357 3865 illis,
390 3806 425 3853 se
456 3786 520 3854 vim
552 3789 663 3856 habere
700 3788 852 3856 divinitus
880 3791 942 3876 tibi
969 3811 1099 3862 conces·

169 3922 259 3984 eam,
280 3918 317 3969 ut
337 3905 364 3969 si
393 3905 481 3986 quod
510 3906 614 3970 scelus
640 3906 681 3972 sit
710 3921 941 3991 perpetratum,
972 3913 1098 3995 expient

171 4017 248 4083 illud
268 4036 299 4086 et
318 4038 416 4102 parvo
435 4023 513 4089 adeo
532 4016 663 4104 sumtu,
681 4038 747 4091 tum
767 4024 877 4111 etiam,
901 4028 928 4095 si
949 4023 1020 4112 quis
1039 4032 1098 4097 ini·

1018 4145 1139 4217 mico'⁸

1024 4274 1034 4321 r
