2896 5168
648 402 773 466 ..144
795 416 840 437 ..

319 557 532 644 Conjunctun
566 560 641 626 illud
668 559 855 644 Protagorae
880 561 1005 632 effatum
1063 583 1097 634 ut
1128 570 1200 638 hinc

247 670 249 675 ’
278 661 475 759 colligimus,
506 695 597 758 quarn
629 672 771 758 proxime
798 693 845 742 est
884 648 956 746 cmm
992 611 1201 770 piiiosopho-

278 809 346 857 roni
376 776 562 872 sententiis,
594 792 648 873 qui
673 791 735 857 labi
764 813 798 860 ac
820 796 933 862 mutari
950 799 1053 865 omnia
1072 814 1201 870 conten·

276 909 403 977 debant.
445 909 496 974 De
513 907 563 972 his
588 905 660 976 fuse
678 909 827 995 deinceps
840 913 997 983 Socrates.
1127 921 1130 926 ’

321 1130 326 1139 '
405 1137 664 1228 Sententiae
688 1143 1059 1231 pbilosophorum,

295 1272 394 1335 quos
424 1253 557 1323 Plato
585 1263 679 1334 roric
708 1259 878 1341 priscae
909 1264 1175 1347 φιλοσόφους
1266 1251 1272 1264 ’

623 1371 847 1457 appellat.

238 1634 243 1642 -
283 1603 284 1606 ’
313 1589 419 1655 inhoc
437 1600 539 1654 tutem
563 1606 673 1656 omnes
700 1589 847 1676 deinceps
866 1591 1047 1676 sapientes,
1068 1592 1192 1676 inquit,

238 1740 241 1744 ι
268 1719 399 1788 excepto
412 1706 614 1796 Parmenidc,
635 1723 886 1792 consenserunt,
908 1711 1194 1793 Protagoras,He·

268 1822 418 1903 raciitns,
440 1822 666 1909 Empedocles,
690 1840 723 1891 et
743 1829 907 1910 poitarum
931 1824 1023 1892 etiarn
1047 1824 1080 1890 in
1107 1840 1192 1890 utra·

268 1956 330 2018 que
353 1939 444 2022 poesi
475 1940 654 2025 principes,
700 1942 731 2005 in
764 1943 922 2010 comoedia
958 1941 1190 2025 Epicharmus,

262 2053 297 2118 in
318 2055 476 2138 tragoedia
505 2055 689 2140 Homeros,
720 2058 775 2140 qui
808 2078 880 2126 cum
909 2059 1046 2126 dicerett
1074 2066 1191 2131 'nma-

266 2175 311 2241 νόν
335 2182 371 2242 ’τε
400 2178 467 2243 θεῶν
495 2178 611 2255 γένεσιν
637 2177 690 2244 καὶ
711 2168 843 2260 μητέρί
861 2180 978 2255 Τηθύν,
1008 2175 1055 2238 (¹)
1086 2175 1190 2242 omnia

263 2288 341 2354 dixit
369 2307 387 2355 e
419 2291 506 2357 fluxu
534 2306 687 2374 motuque
714 2307 807 2358 natat
831 2311 936 2359 nonne
965 2293 997 2359 id
1025 2292 1127 2361 dicere
1142 2293 1190 2360 vi·

262 2407 381 2472 daturi
411 2445 459 2463 —
485 2407 569 2476 Mihi
590 2410 729 2489 quidem.
760 2443 806 2461 -
833 2408 915 2493 Quis
933 2427 1008 2491 ergo
1037 2409 1186 2482 adversus

187 2550 194 2562 ’
263 2536 383 2588 ttntum
409 2524 597 2602 exercitum,
619 2525 752 2606 ejusque
778 2523 887 2586 ducem
908 2522 1080 2587 Homerum
1108 2540 1188 2606 pug-

259 2657 333 2703 nare
360 2638 492 2717 audeat,
513 2636 592 2717 quin
617 2635 766 2700 ridiculus
788 2636 961 2700 habentur?
982 2671 1029 2688 -
1047 2632 1123 2700 Non
1143 2635 1187 2702 fa·

208 2792 212 2804 ·
259 2750 319 2816 ciie
347 2749 401 2829 id,
432 2751 640 2827 osocrttes,
661 2761 723 2814 est.
754 2783 802 2801 -
831 2747 909 2814 Non
932 2764 981 2814 est
1011 2748 1180 2832 proiecto,

258 2864 446 2931 Thenetetet
480 2862 660 2947 praesertim
686 2880 757 2929 cum
788 2863 862 2929 haec
891 2864 954 2930 sint
989 2864 1033 2930 illi
1059 2848 1184 2932 senten-

227 2980 317 3060 ‚tiae
348 2981 459 3048 idonea
480 2993 683 3063 argumenta,
718 2980 829 3062 quod,
860 2995 897 3046 ut
930 2980 1102 3065 quidesse
1136 2982 1184 3049 vi·

256 3101 363 3170 deutur
393 3113 425 3166 et
441 3098 519 3180 fiat,
534 3111 668 3178 motus,
689 3108 727 3162 ut
743 3115 808 3163 non
830 3115 899 3162 esse
925 3098 1114 3164 videaturet
1136 3099 1184 3165 in·

135 3217 140 3225 ’
256 3219 374 3300 t'erett‘,
406 3217 497 3299 quies
522 3213 628 3280 efficit.
688 3213 773 3298 Ignis
805 3212 888 3278 enim
924 3215 1093 3296 calorque,
1126 3213 1182 3297 qui

252 3351 372 3403 caetera
395 3333 495 3418 gignit
524 3348 559 3394 ac
582 3330 684 3415 regit,
717 3330 787 3413 ipse
812 3328 994 3414 agitatione·
1007 3344 1039 3396 et
1058 3328 1182 3398 frictio·

249 3467 296 3519 'nr
323 3451 383 3515 fitz
416 3448 455 3511 id
481 3459 583 3512 autem
611 3460 717 3513 motus
743 3459 813 3512 est:
847 3463 953 3512 nonne
991 3447 1066 3514 haec
1097 3447 1179 3533 ignis

253 3558 370 3649 origoi
389 3596 436 3613 -
455 3560 517 3626 Est
543 3563 685 3628 omnino.
707 3598 752 3614 -
771 3561 858 3645 Quin
886 3563 976 3629 etiam
1003 3562 1179 3632 animalium

249 3698 350 3790 genus
378 3695 417 3755 ex
442 3677 550 3745 iisdem
581 3679 729 3753 nascitur.
761 3713 808 3737 ν·
838 3678 959 3767 Quidni
969 3680 990 3746 i.
1014 3713 1069 3737 -ι
1090 3681 1177 3766 Quid

324 3796 332 3828 ‘¹
653 3797 655 3800 ’
1110 3814 1179 3861 cor·

285 3940 326 4011 (a)
344 3937 424 4001 Bon·
443 3937 479 3998 ll.
499 3931 527 4009 ξ.
547 3955 608 3995 ant.
