2896 5168
539 443 714 510 -„..

195 604 324 679 Dixisse
341 609 417 676 satis
436 609 483 684 de⁴
498 606 577 674 ideis
600 605 739 676 Platonis
753 607 915 689 videamur,
937 622 998 690 ut,
1019 630 1084 693 quo

154 743 276 812 spectet
301 728 334 793 in
362 725 472 810 primis
504 726 580 791 haec
608 723 793 808 philosophi
811 724 974 807 doctrina,
996 725 1087 792 intel.

152 848 275 932 ligatur.
320 842 513 927 Pergendum
537 841 633 925 igitur
662 841 757 920 nobis
786 843 825 907 ad
852 841 954 907 boni
980 841 1084 914 ideam

150 979 222 1043 est,
244 980 338 1044 quam
365 960 501 1024 idearum
535 957 674 1023 omnium
702 958 873 1042 principem
911 959 1000 1025 Plato
1021 978 1086 1043 aps

150 1079 293 1164 pellavit.
336 1077 398 1143 Sed
425 1093 491 1158 quo
516 1073 638 1140 facilius
655 1077 856 1141 escendamus
883 1075 957 1140 illuc
970 1092 1088 1158 ,quo-

90 1195 101 1213 '
150 1215 215 1281 que
239 1196 402 1260 universae
428 1193 522 1276 hujus
555 1193 713 1257 doctrinae
739 1191 889 1256 rationum
915 1193 1085 1277 perspicia·

151 1333 220 1380 mus
246 1311 395 1396 plenius,
418 1324 453 1375 ut
479 1310 574 1374 modo
600 1327 618 1373 a
647 1307 861 1386 Cartesianis,
893 1307 936 1373 ita
955 1327 1084 1377 nunes

152 1429 314 1497 Kantianis
339 1428 417 1494 ideis
444 1426 620 1492 Platonicus
643 1430 734 1515 juvat
754 1427 956 1510 distinguere.

321 1599 627 1686 Distinguam
657 1602 906 1668 itemnectc
968 1686 971 1692 ι
1078 1617 1081 1623 Δ

178 1784 182 1793 ,
269 1738 291 1782 a
322 1715 490 1783 Kantii
530 1714 649 1781 ideis
688 1714 960 1780 Platamos
1031 1704 1036 1716 '
1077 1794 1084 1807 ι

517 1845 714 1922 oportet.

155 2041 161 2049 ·
188 2010 321 2077 Kantius
341 2013 438 2094 volgo
457 2011 496 2076 ab
509 2011 585 2092 ipsis
599 2009 765 2076 Germanis
782 2009 976 2077 Germaniano
988 2007 1083 2076 Aris·

146 2128 251 2195 males
275 2127 409 2208 dicitur,
434 2128 553 2215 quippe
577 2128 661 2208 qui,
694 2127 815 2208 antiqui
840 2128 939 2193 instar
957 2127 1084 2193 Aristo·

147 2245 238 2324 telis,
260 2259 400 2307 nauatam
431 2258 462 2307 et
489 2241 652 2306 facultates
679 2243 793 2306 mentis
824 2243 976 2309 humanae
997 2241 1083 2313 inda·¹

146 2360 231 2445 gavit
256 2358 494 2441 exploravitque
530 2356 741 2439 sagacissime.
799 2356 885 2420 Mihi
913 2354 981 2421 fere
1010 2358 1079 2438 eiua

142 2477 283 2544 doctrina
319 2476 507 2540 Platonicam
543 2473 673 2557 tnagis,
718 2491 810 2555 quam
845 2472 1081 2547 Aristotelicum

142 2591 374 2678 philosophiam
401 2591 517 2658 referre
542 2591 608 2657 visa
629 2606 690 2656 est.
734 2590 831 2656 Haud
854 2589 918 2657 fuit
940 2590 1023 2665 enim
1031 2590 1080 2659 ia

141 2709 367 2778 recentioribus
400 2709 622 2792 philosophis,
662 2706 717 2790 qui
748 2708 946 2790 accuratius,
972 2720 1077 2793 ndum

143 2827 301 2906 Kastina,
343 2843 393 2891 res
417 2827 574 2891 sensibus
591 2820 806 2910 percipiendas
832 2826 872 2892 ab
895 2827 970 2914 iis,
995 2847 1079 2911 quae

141 2947 207 3011 una
231 2959 334 3009 mente
368 2955 402 3007 et
430 2941 626 3022 cogitatione
663 2957 924 3026 cognoscuntur,
964 2944 1080 3013 discer-

141 3073 252 3128 neret:
276 3059 307 3123 id
329 3072 431 3124 autem
460 3058 550 3123 Plato
576 3059 693 3139 unice,
715 3073 751 3123 ut
777 3060 939 3140 vidimus,
960 3059 1078 3146 etegit
1176 3114 1181 3123 .

141 3193 177 3244 et>
194 3176 348 3262 agendum
374 3192 444 3240 esse
471 3174 668 3258 philosopho
697 3175 865 3241 arbitratus
887 3190 949 3241 cst.
993 3175 1081 3249 laea,

141 3312 209 3363 rum
230 3310 334 3365 autem
354 3293 551 3372 doctrinam,
572 3293 664 3376 cujus
687 3307 796 3358 auctor
815 3293 902 3359 Plato
918 3292 1075 3374 -habetnr,

139 3413 247 3495 reiecit
271 3411 480 3490 Aristoteles,
499 3409 637 3475 Kantius
658 3427 736 3475 vero
756 3423 845 3475 tanto
868 3408 977 3477 studio
997 3424 1078 3479 trac·

140 3526 219 3592 tavit
248 3527 501 3606 elaboravimus,
526 3543 561 3590 ut
592 3527 675 3592 hunc
697 3527 800 3592 locum
821 3528 854 3591 in
875 3527 983 3594 critica
1006 3528 1077 3610 phi·

140 3641 290 3725 losophia
319 3641 352 3705 in
379 3641 494 3723 primis
524 3663 648 3727 gravem
689 3642 881 3710 existimasse
919 3644 1075 3713 videatur.

139 3760 257 3843 Effecit
281 3760 381 3841 adeo,
404 3771 441 3823 ut
463 3757 607 3855 sublimia
635 3761 686 3825 illa
714 3760 853 3827 Platonis
881 3763 921 3827 de
947 3763 1007 3827 hoc
1028 3783 1077 3828 at-

138 3891 287 3966 gnmeuto
312 3875 448 3960 placita,
479 3895 564 3967 'quae
593 3876 706 3945 Wollii
734 3877 899 3963 disciplina
926 3858 1075 3963 obscura}

136 4009 224 4063 vuat
248 3996 364 4078 plane,
396 3992 429 4059 in
456 3996 557 4061 lucem
584 4010 804 4062 revocarentur
829 3997 934 4064 ἁειιιιο
958 4000 1074 4069 multu·

988 4132 1071 4176 ruan-
