2896 5168
647 475 837 536 -186-

276 661 331 709 aus
350 646 497 724 antiquos
525 647 585 710 hoc
618 648 766 730 placitum
792 650 928 720 videtur.
978 652 1123 721 Obscute
1145 671 1207 724 tra·

275 760 373 824 ditum
407 762 439 825 in
466 763 625 844 mysteriis
653 763 775 846 fuerat,
797 766 967 850 inquibus
989 772 1027 835 ad
1046 775 1089 841 eal
1108 777 1202 845 etue

272 880 322 948 eui
353 883 504 950 latercula
534 879 749 958 referebatur,
793 899 826 947 ut
861 904 878 947 e
909 885 1074 953 Ciceronis
1105 890 1200 972 loco,

271 1014 367 1079 supra
394 1015 411 1061 a
443 997 534 1061 nobis
559 997 673 1079 allato,
695 998 841 1064 credibile
866 999 922 1080 lit,
947 1000 1001 1067 ubi
1021 1003 1130 1069 Attico
1150 1006 1201 1073 his

270 1111 395 1177 initiato
415 1111 511 1177 dicit:
533 1116 666 1179 initia
688 1130 724 1180 ut
743 1115 970 1200 appellantur,
991 1121 1040 1184 e'tu
1064 1141 1101 1185 re
1121 1139 1200 1188 reru

259 1233 421 1314 principle
440 1232 525 1293 ritae
546 1234 760 1312 cognorimus:
785 1253 882 1317 neque
899 1234 994 1298 suluut
1014 1256 1086 1300 euru
1105 1235 1200 1304 laeti·

263 1347 316 1414 tid
333 1344 458 1413 uiuendi
477 1349 629 1410 rationem
650 1353 847 1434 accepimus,
867 1348 1033 1415 sedetiam
1052 1373 1123 1417 eum
1145 1372 1198 1444 spe

263 1466 388 1530 meliore
402 1462 565 1528 moriendi.
579 1461 621 1532 (¹)
664 1465 774 1545 Itaque
791 1485 829 1531 ex
841 1467 901 1531 hoc
915 1465 987 1532 item
1001 1466 1092 1533 fonte
1104 1470 1194 1536 Plato

262 1591 296 1652 ln
326 1581 486 1651 Phaedone
515 1582 643 1665 hausit,
664 1582 852 1665 saepiusque
876 1581 951 1649 fecit
973 1588 1192 1670 mysteriorum

156 1722 158 1726 ·
262 1701 471 1780 mentionem,
495 1715 529 1765 ut
553 1698 585 1763 in
613 1699 663 1763 his
685 1716 761 1765 v.c.
806 1705 856 1770 uel
877 1706 1069 1774 κννδννεύννσν
1090 1710 1141 1775 uel
1166 1711 1193 1778 ol

262 1823 320 1893 ruit
343 1822 471 1893 τελετὰς
493 1822 563 1898 ἡμῖν
587 1815 665 1884 οὗτοι
686 1822 937 1899 κνντννςήσννντες,
959 1826 992 1888 οὐ
1012 1824 1130 1904 Ouiae!
1144 1851 1193 1897 aa.

262 1963 308 2011 νες
331 1935 422 2010 εἶναι,
444 1939 531 2003 ἀλλὰ
551 1939 592 2015 τῷ
616 1936 674 2001 ὅντε
697 1936 794 2001 πάλιν
814 1939 1012 2013 ululareolut,
1035 1936 1079 2008 ὅτε
1100 1936 1131 2015 le
1150 1940 1190 2011 ἂν

261 2055 395 2134 ἀμύητος
418 2053 471 2141 ruti¹
488 2053 632 2124 νὶτέλεςοε
653 2054 694 2124 εἷς
715 2052 785 2135 εἶδεν
805 2055 975 2134 ἐφίκηται,
1006 2059 1036 2121 ἐν
1056 2058 1188 2143 βορβόρῳ

259 2174 409 2242 reluctati.
430 2171 444 2234 ὃ
465 2171 494 2236 δὲ
510 2170 723 2248 κεκενθενρμένες
735 2195 769 2235 τε
781 2170 831 2235 utel
842 2174 1072 2252 τετελεσμένος,
1090 2176 1187 2244 ἐκεῖσε

258 2287 457 2370 ἀφικόμενος,
490 2286 572 2364 μετὰ
598 2287 664 2351 θεῶν
686 2286 806 2361 οἰκήσει·
847 2282 996 2349 ridentur
1018 2292 1092 2353 item
1112 2288 1186 2371 illi,

258 2405 316 2486 qur·
344 2399 427 2464 uobis
455 2399 603 2479 mysteria
622 2398 871 2479 constituerunt,
893 2419 954 2463 uon
975 2401 1188 2469 contemnende·

255 2514 384 2604 quidum
411 2535 496 2596 etse,
525 2512 584 2580 seu*
603 2530 711 2600 reapse
735 2515 805 2578 olim
830 2514 947 2580 occulte
972 2516 1184 2605 signeficutre,

255 2655 346 2714 eum,
366 2636 422 2718 qui
447 2651 507 2698 uon
534 2633 679 2716 expiatus
708 2626 805 2715 utque
830 2635 978 2698 initiatur
999 2632 1046 2698 ad
1064 2637 1183 2719 iufirot

252 2754 460 2839 migraverit,
481 2753 517 2813 r'u
537 2749 604 2812 luto
614 2747 749 2831 jacere,·
777 2753 952 2834 quicunque
972 2770 1045 2817 reru
1061 2768 1185 2841 purga·

252 2885 303 2937 rus
323 2883 417 2954 utque
436 2870 584 2932 initiatus
604 2865 682 2929 r'llue
700 2870 886 2947 accerserit,
914 2888 984 2932 euru
1015 2868 1092 2934 Dus
1122 2872 1184 2936 ltu·

250 2989 365 3056 breare.
381 2983 422 3054 (Ξ)
487 2984 575 3049 l‘lato
606 2999 681 3045 vero
715 2982 837 3064 poetica
867 2983 977 3048 haecce
1009 2988 1048 3051 ad
1077 2988 1181 3069 philo·

251 3103 380 3188 sophiae
418 3099 575 3166 revocavit
611 3097 823 3163 severitatem:
878 3104 965 3182 quod
995 3104 1113 3186 posteri
1145 3107 1179 3171 in

250 3221 384 3309 primis,
405 3219 575 3284 recentiore
595 3234 695 3295 aevo,
716 3212 909 3282 factitarunt.

292 3340 411 3407 Deinde
438 3333 740 3402 animadvertendum
771 3333 864 3399 nobis
890 3336 930 3400 de
958 3335 1012 3400 illo
1035 3337 1179 3422 philoso-

250 3460 342 3544 phiae
364 3458 457 3533 loco,
482 3470 518 3519 ut
550 3466 633 3515 recte
661 3450 874 3533 intelligatur,
907 3454 966 3517 hoc
994 3471 1052 3521 est.
1099 3458 1177 3525 Non

247 3575 403 3658 simplex,
447 3588 481 3636 ut
521 3568 613 3633 hodie
652 3580 722 3646 est,
761 3568 845 3648 apud
881 3585 1001 3636 veteres
1044 3591 1107 3640 erat
1139 3577 1179 3642 de

249 3689 477 3757 immortalitate
500 3685 671 3749 animorum
701 3685 863 3766 doctrina,
894 3689 949 3752 sed
974 3690 1112 3775 duplex,
1142 3710 1177 3760 ut

247 3809 368 3875 animus
388 3824 458 3868 curn
476 3817 547 3867 ante
567 3800 645 3865 hanc
668 3801 761 3866 vitam
783 3800 900 3885 fuisse,
919 3820 985 3871 tom
1005 3812 1178 3891 posthanc

1132 3933 1181 3995 vl·

285 4062 326 4133 (ι)
345 4059 406 4112 Cic.
423 4058 457 4111 de
474 4059 557 4125 lagg.
574 4055 614 4108 11.
633 4056 675 4108 tl.
711 4054 752 4123 (a)
777 4053 918 4111 Phaedone
933 4058 978 4127 ⁶⁹·
995 4059 1029 4112 C.
