2896 5168
472 835 473 838 ,
551 765 874 852 Philosophorum
971 792 973 795 ·

378 882 421 947 do
450 880 526 948 diis
553 903 598 947 ac
624 879 760 947 divina
787 877 1036 967 providentio

627 999 793 1087 placito.

292 1231 459 1296 incidimus
490 1233 602 1315 inscii,
631 1254 652 1301 o
684 1234 813 1316 Megiile
842 1247 873 1298 et
903 1234 1026 1314 Clinia,
1055 1267 1102 1284 -
1129 1233 1176 1298 sic

251 1337 379 1431 Hospes
397 1350 598 1415 Atheniensis
619 1352 702 1433 apud
720 1352 874 1416 Platonem
897 1387 941 1403 —-
957 1348 987 1414 in
1003 1349 1172 1415 mirabilem

248 1484 435 1533 sermonem.
480 1468 543 1536 Cui
567 1468 710 1546 Clinias,
739 1488 830 1548 quem
860 1468 989 1532 manime
1010 1467 1113 1532 dicis?
1133 1501 1180 1518 -

249 1583 363 1661 Illum,
394 1583 450 1664 qui
481 1603 499 1648 a
526 1583 631 1648 multis
666 1583 796 1647 habetur
828 1585 967 1647 omnium
1000 1601 1179 1648 sermonum

249 1699 514 1781 sapientissimus.
544 1735 589 1749 -
639 1699 701 1766 Dic
738 1699 943 1765 manifestius.
974 1736 1020 1750 -
1061 1700 1182 1765 Dicunt

218 1880 220 1883 ,
250 1815 416 1895 nonnulli,
436 1820 473 1892 ὡς
494 1818 598 1885 odom
627 1820 671 1888 tei
691 1822 734 1886 roi
753 1821 926 1900 πράγματα
947 1820 1113 1899 γιγνόμενα
1130 1821 1181 1886 uoti

251 1936 398 2015 γενόμενα
414 1937 464 2001 καὶ
486 1937 690 2015 γενησόμενα,
712 1938 754 2004 roi
774 1940 850 2017 μὲν,
877 1939 1023 2019 Φύσει,
1052 1939 1095 2004 τὰ
1125 1938 1182 2013 δὲ,

249 2077 380 2135 cum,
401 2056 443 2120 roi
464 2056 493 2120 δὲ
515 2055 563 2120 toi
583 2054 747 2136 τέχνην·
771 2072 821 2116 res
844 2073 965 2131 omnes,
987 2048 1183 2138 quoofiuut,

157 2179 160 2183 '
250 2189 332 2253 quoe
355 2173 467 2250 lactat
494 2183 568 2232 suot
605 2189 744 2253 quaeque
776 2165 878 2250 ficut,
911 2174 1034 2255 partim
1068 2184 1185 2233 notu-

253 2283 330 2364 rd,
347 2289 468 2372 partim
491 2286 704 2368 sortuno,
730 2292 849 2374 partim
868 2305 928 2372 per
948 2303 1077 2353 ortem
1094 2283 1182 2367 ficol.

251 2404 388 2468 Maxima
410 2422 576 2486 quaeque,
601 2407 712 2488 ajunt,
736 2421 765 2468 et
785 2406 968 2487 pulcerrima
990 2419 1127 2468 naturum
1145 2421 1181 2468 ac

251 2519 406 2585 fortunam
427 2522 566 2600 efficere,
588 2523 705 2586 minora
724 2542 797 2586 vero
815 2538 928 2588 artem:
955 2524 1034 2588 hanc
1053 2537 1183 2602 antem,

249 2643 377 2720 acceptu
396 2643 539 2703 anatum
559 2641 759 2702 maximorum
786 2640 1025 2721 principumque
1050 2658 1181 2721 operum

248 2755 472 2836 generatione,
508 2753 622 2833 fingere
649 2771 684 2816 nc
718 2751 859 2818 fabricari
893 2755 1012 2817 minora
1053 2755 1184 2835 omnia,

253 2889 332 2951 quae
360 2866 531 2944 artificioso
559 2865 625 2931 fere
657 2869 814 2956 dicuntur.
875 2871 983 2934 Veluti
1008 2869 1110 2952 ignem
1137 2871 1186 2934 di·

253 3002 350 3066 cunt,
374 3005 508 3067 aquam,
536 3001 667 3066 terram,
693 2991 791 3052 terem
813 2988 922 3050 natutd
943 3004 1010 3050 esse
1031 3003 1061 3049 et
1081 2980 1185 3050 fortu-

253 3106 316 3184 nd,
335 3120 399 3167 arte
416 3120 517 3167 antem
541 3102 620 3166 nihil
638 3104 769 3168 horum:
794 3103 843 3166 his
865 3102 945 3168 factu
966 3122 1034 3168 esse
1054 3120 1184 3186 terram,

254 3223 373 3300 solem,
403 3221 527 3299 lunam,
560 3221 683 3300 sidera,
723 3219 940 3301 fortunaque,
979 3241 1045 3303 qno
1073 3238 1184 3286 unum-

255 3338 404 3416 quodque
424 3334 473 3401 vis
491 3355 548 3400 sua
568 3337 714 3427 impulit,
744 3337 866 3417 singula
888 3337 1042 3420 singulis,
1071 3336 1185 3421 frigida

253 3451 382 3531 calidis,
407 3454 489 3518 sicca
516 3454 675 3532 humidis,
702 3454 805 3517 mollia
827 3453 935 3535 duris,
959 3454 1087 3519 omnino
1107 3474 1185 3520 con·

171 3565 174 3570 ’
253 3569 344 3634 traria
361 3572 544 3651 contrariis,
565 3572 749 3636 convenisse
766 3591 800 3635 ac
822 3573 993 3637 necessaria
1016 3588 1185 3655 temperata

253 3682 364 3752 fuisse.
409 3687 479 3751 Hoc
510 3705 602 3768 pacto
631 3692 753 3752 coelum
786 3703 886 3752 totum
916 3707 946 3753 et
977 3708 1056 3770 quoe
1083 3690 1115 3754 in
1146 3709 1184 3755 eo

254 3817 328 3866 sunt
347 3802 472 3884 orinia,
491 3805 631 3869 animalia
652 3823 780 3886 quoque
800 3820 831 3868 et
851 3807 973 3885 plantus
991 3803 1092 3872 fuisse
1109 3825 1184 3888 pto·

252 3918 365 3984 ducta:
386 3937 450 3984 non
470 3939 525 4003 per
542 3936 693 4000 mentem,
714 3940 817 4002 neque
835 3941 890 4004 per
907 3924 1009 3989 Deum
1025 3924 1182 4005 aliquem,

252 4053 354 4119 neque
371 4055 428 4120 per
446 4052 564 4118 artem,
588 4039 643 4102 sed
662 4042 796 4120 natura,
823 4054 857 4105 ut
880 4039 1038 4124 diximus,
1062 4055 1093 4108 et
1117 4038 1185 4107 for·
1270 4101 1272 4104 ,
1296 4041 1297 4044 ’

1135 4170 1186 4222 tu·
