2896 5168
661 402 706 440 ·..·.
728 382 834 470 μ’..ι

275 552 451 634 εαῃε’ῃοη’·
468 586 517 634 res
545 567 641 644 illo's,
673 566 736 630 sed'
751 547 946 646 simulacra,
968 568 1031 633 imo
1054 573 1118 638 non
1145 571 1214 645 nisi>

277 686 401 752 umbras
427 685 661 752 simulacrorum
690 681 872 748 hominibus
906 686 1133 770 proposuisse,
1175 692 1214 758 in·

275 806 441 886 speluncae
471 798 679 880 descriptione
708 799 911 882 significavit.
944 803 1012 868 ⁸⁴At
1036 823 1112 873 vero
1125 810 1147 887 ,'
1170 818 1213 873 ut¹

274 920 406 985 diximus
433 928 526 994 ante,
560 929 592 981 et
621 934 704 983 nunc
735 917 829 984 nobis
861 920 980 1004 optime
1004 941 1044 990 es
1068 923 1206 991 idearum
1250 950 1253 959 ¹

253 1039 330 1102 'bac
362 1032 506 1097 doctrind
538 1037 645 1118 patet,
690 1055 755 1101 non
776 1051 857 1102 artes
887 1041 993 1124 rejecit
1016 1056 1071 1106 aut
1095 1040 1206 1106 artium

273 1132 438 1230 auctores,
459 1150 513 1215 sed
537 1131 684 1235 perversa
715 1173 820 1219 earum
848 1133 973 1222 studia,
1013 1158 1071 1223 Uti
1103 1159 1209 1241 pbilo-⁸

273 1267 393 1349 sophos
423 1268 662 1336 laudavit-illos
693 1269 808 1349 unice,
831 1271 887 1350 qui
906 1282 959 1349 τῆς
989 1277 1129 1352 ἀληθείαις
1157 1294 1207 1341 es·
1296 1269 1297 1272 ’

273 1398 343 1450 sent
370 1390 603 1471 φιλοθεάμονες,
633 1385 675 1450 ita
703 1385 899 1467 artificibus,
921 1388 1048 1471 poitis,
1075 1391 1205 1460 caeteris

269 1481 444 1601 ζοφώδης,
467 1503 523 1583 qui
552 1500 672 1583 aliquid
700 1499 897 1569 informando
911 1504 950 1570 ‘in
969 1505 1070 1571 iucem
1097 1503 1204 1587 prose·

270 1619 402 1703 rebant,
431 1603 546 1704 pariter
573 1621 796 1705 praescripsit,
826 1638 862 1688 ut
890 1623 1053 1691 veritatem
1083 1640 1204 1708 specta·

270 1734 340 1806 rent
365 1738 398 1804 in
427 1737 576 1823 operibus
593 1739 808 1821 excolendis,
832 1740 888 1821 id,
911 1741 998 1826 quod
1028 1761 1101 1809 aera
1119 1756 1202 1808 esset

269 1847 432 1940 pulcrum,
464 1855 604 1938 bonum,
630 1860 776 1942 justum,
798 1873 939 1924 sanctum
965 1871 1031 1924 arte
1049 1855 1203 1942 exprime·

268 1979 358 2039 'rent'
408 1975 479 2039 Hos
508 1973 559 2038 ille
587 1991 652 2038 non
682 1972 786 2040 minus
816 1994 906 2056 quam
939 1995 1099 2062 germanae
1128 1977 1202 2061 phi·

264 2082 434 2189 l'o'sopbiae
456 2104 618 2170 amantes,
641 2092 748 2157 mundi
771 2091 989 2175 adspectabilis
1005 2112 1095 2160 antro
1114 2113 1202 2180 egre·
1225 2079 1233 2097 ⁹

265 2210 299 2278 di
318 2208 433 2303 iussit,
465 2223 500 2273 ut
530 2210 670 2292 exempla
694 2228 796 2275 rerum
819 2209 957 2294 perfecta
983 2226 1015 2278 et
1035 2211 1141 2278 intuiti
1169 2196 1201 2278 et

265 2317 402 2409 imitati,
445 2327 501 2417 sic
520 2347 593 2394 vere
625 2327 774 2413 prodesse
801 2329 907 2413 generi
934 2330 1096 2396 hominum
1124 2349 1200 2412 pos·

264 2464 349 2515 sent.
414 2445 499 2510 Haec
537 2446 655 2510 scilicet
689 2462 770 2509 nova
799 2458 847 2506 est
888 2442 940 2506 illa
969 2458 1029 2507 tam
1059 2429 1197 2521 artium,

232 2534 235 2543 ⁴
267 2581 359 2643 quam
387 2557 616 2639 disciplinarum
648 2556 812 2641 ipsiusque
847 2554 1067 2637 philosophiae
1095 2539 1196 2636 ratio,

267 2668 359 2756 quarn
385 2672 471 2738 Plato
499 2671 726 2737 commendavit
756 2669 860 2737 unice.
1189 2658 1191 2662 ’

257 2801 264 2810 ·
317 2790 393 2875 Quo
443 2785 617 2856 referantur
658 2781 857 2870 potissimum
905 2786 989 2871 apud
1036 2789 1195 2855 Platonem

259 2902 369 2987 ideae,
411 2903 485 2969 binc
522 2904 595 2970 licet
635 2894 831 2988 intelligere,
885 2904 940 2970 sed
986 2899 1196 2989 confuderunt

265 3041 316 3090 eas
353 3021 442 3089 multi
475 3042 544 3089 cum
574 3010 700 3088 innatis
728 3020 805 3088 ideis
825 3022 1109 3089 'Cartesianorurnz
1145 3022 1197 3088 alii

265 3134 331 3208 non
377 3129 506 3208 satis'a
550 3139 655 3205 Kantii
702 3139 778 3206 ideis
824 3141 998 3207 Platonicos
1047 3140 1196 3206 distinxe-

263 3278 366 3342 runt,
409 3260 491 3324 unde
528 3258 586 3322 bae
622 3257 795 3324 recentiore
834 3271 933 3321 aetate
971 3256 1193 3323 obscuritatem

251 3387 497 3444 contraxerunt.
572 3373 663 3460 Quae
706 3373 832 3456 quidem
863 3354 1046 3455 'principum
1091 3373 1197 3458 pbilo-

252 3486 437 3575 sophorum
477 3491 635 3559 doctrinae
667 3491 760 3556 nobis
797 3491 859 3555 boc
896 3491 968 3556 loco
993 3490 1061 3555 bec
1096 3492 1196 3575 expll-

252 3606 376 3677 ’candae
403 3628 461 3674 nec
489 3628 565 3673 vero
595 3608 809 3693 dijudicandae
836 3623 924 3674 sunt.
980 3584 1193 3673 Veruntamen

248 3727 520 3813 ‚ipsiusPlatonis
548 3729 679 3805 caused,
702 3742 831 3807 quoque
858 3724 1033 3792 accuratius
1063 3723 1193 3788 distinc·
1271 3711 1275 3719 ’

249 3844 453 3924 utiusquexde
472 3845 543 3926 ajars
568 3842 644 3906 ideis
669 3841 866 3927 judicemus,
887 3840 970 3905 haud
997 3854 1111 3903 temere
1130 3855 1189 3901 nos

261 3974 385 4027 acturos
407 3976 575 4042 putamus,
590 3984 594 3997 ·
609 3958 636 4022 si
664 3959 825 4024 secernere
853 3953 925 4021 dati
951 3952 1112 4037 opera-ab
1140 3951 1191 4018 his

1125 4084 1193 4152 eJus
