2896 5168
535 465 726 526 ''¹20⁷-

165 648 295 718 vagatur
332 633 466 697 incertus
501 649 535 693 ac
573 625 771 709 perturbatur
807 641 836 688 et
876 623 964 705 quasi
997 621 1102 687 ebrius

167 751 302 817 vacillat.
346 750 445 818 'Orat
474 750 505 816 δέ
525 771 563 826 γε
582 748 659 821 ariri:
679 748 744 811 καθ’
763 748 854 821 aiala
872 753 989 825 σκοπῇ,
1011 745 1106 808 ἐκεῖσε

166 872 286 955 vixerat
309 872 350 942 εἷς
375 869 409 933 τὸ
430 865 556 946 xotoplo
579 890 613 930 σε
633 865 683 928 itai
704 863 751 928 oiri
775 861 803 929 io
823 863 874 928 xxi
894 859 1105 929 oiloiooaoottoti

167 989 307 1060 ὡσαύτως
328 984 408 1065 ἔχσγ·
431 981 501 1057 axi,
525 983 562 1052 tit
584 981 734 1059 συγγενὴς
755 978 827 1048 olon
845 982 949 1050 αὐτοῦ,
970 977 1017 1044 oiri
1037 976 1106 1056 μετ’

168 1104 277 1169 e’telooo
299 1102 459 1178 ploraret,
481 1096 554 1165 lario
576 1121 630 1179 περ
658 1100 735 1173 oriri
758 1101 823 1163 axl’
849 1098 941 1173 atinio
966 1097 1105 1174 γένηται·

167 1216 301 1300 Quoties
323 1235 394 1279 atro
413 1216 536 1278 attimar
558 1231 617 1301 par
639 1230 728 1278 temet
751 1216 850 1300 ipta'tn
870 1215 1008 1296 cogitat,
1030 1210 1106 1274 illua

169 1331 291 1411 tendit,
325 1329 372 1396 ad
385 1350 523 1416 parom,
544 1332 785 1414 sempiternam,
808 1329 1006 1408 immortale,
1028 1347 1107 1392 tem·

164 1467 226 1538 ptr
246 1446 345 1515 eodem
366 1445 450 1512 modo
469 1468 499 1512 te
517 1447 648 1510 habens:
670 1462 699 1509 et
721 1461 883 1528 tamquam
905 1449 1005 1531 ipsios
1034 1464 1105 1528 cog-

171 1582 268 1628 natos
291 1581 409 1649 semper
424 1561 567 1624 inhaeret
587 1561 661 1636 illi,
691 1562 808 1643 quoties
826 1561 890 1644 ipre
916 1559 1047 1623 redierit
1070 1561 1105 1621 ia

166 1682 309 1767 teipsam.
368 1677 459 1742 Unde
489 1695 581 1740 nemo
609 1694 673 1739 non
702 1674 793 1739 efficit
817 1689 953 1755 sponte,
975 1672 1107 1738 similio-

167 1812 231 1860 rem
254 1793 389 1857 animum
416 1811 484 1856 esse
508 1792 557 1870 ei,
580 1794 667 1870 quod
689 1810 810 1870 semper
828 1792 934 1855 endem
958 1790 1104 1854 semotio

168 1911 283 1990 babet,
323 1928 414 1990 quam
447 1907 539 1972 rebus
568 1908 782 1974 mutabilibus.
850 1909 911 1972 Sed
936 1908 997 1971 huc
1031 1906 1104 1971 item

169 2032 299 2099 specta:
326 2016 471 2098 quamdiu
498 2013 530 2079 in
555 2016 660 2078 eodem
680 2029 753 2079 sunt
772 2013 892 2078 animus
910 2027 940 2077 et
964 2031 1103 2094 corpus,

166 2133 228 2200 hoc
262 2132 386 2215 quidem
417 2132 534 2196 servire
555 2147 664 2196 natura
689 2131 800 2214 iubet,
824 2130 909 2194 illum
927 2149 1001 2194 vero
1019 2149 1106 2211 prae·

171 2268 240 2315 esse
267 2266 363 2330 atque
393 2247 558 2316 dominari.
624 2247 835 2331 Quamobrem
866 2265 970 2312 nonne
996 2248 1104 2313 divino

168 2366 311 2444 animus,
342 2383 458 2447 corpus
488 2383 562 2428 vero
587 2363 709 2428 mortali
729 2364 829 2428 simile
852 2383 921 2428 esse
941 2363 1103 2428 videatur?

168 2482 219 2548 Ex
241 2481 289 2545 lais
316 2480 411 2564 igitur
436 2480 583 2546 omnibus
608 2481 813 2562 colligamus,
835 2486 876 2565 σῷ
893 2487 948 2562 μὲν
968 2486 1032 2566 θείῳ
1052 2480 1103 2550 uoti

169 2601 307 2685 oilaroirp
327 2601 378 2667 ool
401 2603 491 2683 νοητῷ
506 2601 557 2666 itai
579 2603 722 2679 polonia*
740 2600 790 2665 ool
810 2602 962 2683 iitaltirp
983 2601 1034 2666 roal
1053 2602 1102 2668 olai

167 2719 307 2791 ὥσσιῦσως
332 2718 382 2784 ool
416 2717 498 2782 κσισσὶ
523 2716 624 2781 rotario
656 2715 756 2795 ἔχοντι
784 2716 899 2795 ἑαυτῷ,
932 2716 1104 2794 ὁμοιότατον

167 2831 241 2918 altor
269 2835 388 2915 ψυχήν·
409 2829 535 2906 divino,
568 2828 741 2892 immortali
752 2873 763 2905 ,
791 2827 984 2911 intelligibili
989 2873 1001 2908 ,
1032 2829 1104 2890 ani·
1196 2856 1199 2863 ·

160 2945 263 3030 serrari
274 2990 285 3024 ,
307 2943 535 3023 indissolubili,
568 2961 686 3024 sempor
709 2940 807 3006 eodem
830 2940 915 3006 morlo
941 2955 972 3008 ct
998 2963 1105 3007 socan·

171 3057 244 3122 darn
266 3058 370 3125 eadem
394 3061 522 3143 teipsam
547 3058 673 3122 habenti
683 3104 695 3138 ,
727 3061 864 3122 animone
892 3078 953 3124 esso
981 3062 1104 3126 similli-

170 3197 274 3258 mom;
332 3176 467 3239 humano
494 3194 592 3253 vero,
625 3175 768 3253 mortali,
799 3192 864 3238 non
896 3177 1100 3267 intelligibili,
1197 3216 1200 3223 ·

169 3290 374 3371 multiformi,
402 3292 601 3372 dissolubili,
634 3311 790 3372 nunquam
814 3294 919 3358 eodem
943 3296 1039 3359 niodo
1068 3315 1101 3360 se

170 3407 315 3488 habenti,
339 3409 528 3473 simillimum
550 3426 619 3505 esse
639 3427 766 3491 corpus.
779 3406 819 3476 (¹)

212 3525 304 3590 Haud
335 3523 423 3589 facile
461 3525 553 3606 quis,
589 3529 725 3607 opinor,
760 3528 846 3591 lectis
872 3528 957 3592 bisce
980 3529 1101 3610 riteque

169 3642 363 3728 perspectis,
387 3640 565 3720 dubitabit,
599 3644 748 3707 undenam
771 3645 858 3709 Plato
884 3645 1101 3727 philosophiae

170 3761 268 3826 sancti
289 3757 475 3843 principium
496 3757 630 3823 duxerit.
676 3757 751 3825 Non
770 3740 858 3826 linxit
876 3760 950 3842 ille,
975 3777 1008 3826 ut
1026 3781 1100 3844 pos·

1054 3895 1100 3946 tc-

205 4035 247 4104 (t)
266 4036 416 4088 Phaedone
432 4050 477 4105 79.
490 4035 525 4086 l.
542 4061 562 4071 -
579 4034 622 4085 80.
637 4032 667 4085 B.
