2896 5168
454 532 460 567 ,Ι
515 476 704 538 -147-

147 648 247 717 gunt,
268 634 413 702 honorari
436 636 627 716 laudarique.
656 637 762 722 Quum
786 639 859 702 haec
884 637 978 721 igitur
998 640 1073 703 ado-

148 752 338 817 lescentulus
359 752 444 817 audit
469 752 639 833 videtque,
664 771 837 835 rursusque
857 754 954 834 patris
976 755 1074 836 perci-

149 868 197 949 pit
216 887 397 949 sermones,
415 873 577 953 ’ἑλκδμενος
599 875 650 941 ὑπ’
671 875 848 954 ἀμφοτέρων
868 875 999 946 τούτων,
1021 879 1073 940 τοῦ

149 993 204 1068 μὲν
224 992 335 1071 πατρὸς
356 994 448 1057 αὐτοῦ
470 993 504 1056 τὸ
528 991 678 1068 λογιςικὸν
704 991 734 1056 ἐν
761 1000 799 1071 τῇ
825 997 913 1072 ψυχῇ
939 990 1074 1072 ἄρδοντός

149 1130 184 1170 τε
211 1106 261 1171 καὶ
287 1106 444 1186 αὔξοντος,
471 1113 528 1173 τῶν
555 1109 585 1174 tl
617 1107 719 1175 ἄλλων
743 1108 779 1173 τό
804 1133 838 1174 rs
867 1109 1075 1188 ἐπιθυμητικὸν

150 1222 200 1286 arri
227 1225 261 1288 ad
287 1224 451 1303 bopardia,
481 1227 535 1300 risu
563 1225 593 1290 ἐν
624 1226 706 1306 αὐτῷ
734 1226 832 1306 ἀρχὴν
858 1226 1009 1305 παρέδωκε
1033 1225 1075 1306 τῷ

149 1339 230 1423 μέσῳ
251 1366 286 1406 τε
307 1341 358 1407 καὶ
374 1343 530 1423 Φιλονείκῳ
550 1342 600 1407 real
620 1342 774 1422 θυμοειδεῖ·
795 1340 845 1407 arri
862 1342 981 1418 ἐγένετο
996 1343 1075 1421 ὑψη-

150 1456 265 1539 λόφρων
285 1448 336 1524 trr'ri
356 1460 515 1541 φιλότιμος
534 1459 618 1538 ἀνήρ·
641 1455 681 1518 ab
708 1448 755 1519 his
785 1458 928 1540 utrisque
953 1468 1078 1518 attrac-

149 1584 222 1648 tus,
242 1593 338 1656 quum
353 1587 448 1655 parer
464 1576 498 1634 r'rr
517 1575 612 1657 ipsius
630 1574 734 1636 animo
754 1574 985 1649 rationem,
1007 1588 1080 1634 aaa·

149 1690 213 1751 rari
240 1708 312 1755 raro
340 1686 609 1774 cupiditatem
639 1703 741 1775 atquc,
761 1690 869 1752 iram
887 1689 998 1770 fovent
1019 1708 1078 1750 mr·

146 1817 303 1887 geurquc,
323 1806 423 1866 animi
441 1806 491 1867 sui
510 1805 674 1888 imperium
694 1804 812 1868 mediae
829 1805 881 1870 it'lr'
892 1806 1076 1890 facultqtr',

149 1924 352 1987 contentiosae
373 1935 469 2007 atque
488 1920 663 1986 iracundae
681 1922 808 2002 tradit,
822 1921 922 2008 fitque
934 1922 1077 1988 ur'relaru

150 2041 252 2102 aniuro
267 2058 305 2101 ar
323 2039 445 2122 gloriae
464 2037 605 2123 cupidus.
630 2036 672 2104 (Ι)

192 2152 477 2218 Animadvertimus
507 2153 597 2219 facile
627 2155 658 2218 in
689 2155 826 2238 legendis
859 2157 943 2219 hisce
971 2173 1076 2219 curam

148 2270 399 2352 diligentiamque
418 2269 581 2349 Platonis,
605 2290 666 2354 qua
687 2271 842 2337 hominem
863 2274 949 2337 illum
970 2274 1077 2355 explo-

150 2387 246 2452 ravit:
270 2386 413 2468 idemque
430 2387 523 2451 nobis
545 2388 715 2469 deinceps,
742 2390 797 2453 ubi
816 2390 854 2453 de
878 2389 945 2452 viro
965 2389 1077 2470 oligar·

151 2504 262 2584 chic0,
291 2505 498 2571 democratico
530 2522 560 2568 er
595 2506 757 2588 tyrannico
791 2504 875 2587 agit,
905 2506 1076 2586 apparebit.

151 2618 227 2683 Erat
243 2618 403 2684 scilicerin
427 2619 512 2684 omni
540 2621 595 2683 bac
614 2620 824 2701 disputatione
845 2618 988 2702 princeps
1008 2623 1076 2705 ejus

150 2738 339 2816 consilium,
363 2755 449 2814 nou,
472 2750 506 2799 ut
526 2734 686 2799 civitatum
713 2734 948 2813 conditionem,
969 2736 1023 2799 sed
1042 2751 1076 2799 ut

152 2852 286 2917 hominis
297 2867 435 2917 naturam
448 2852 616 2934 indagaret.
649 2853 722 2917 inde
735 2852 813 2915 enim
825 2852 953 2917 maxiute
965 2871 1075 2932 quaes-

150 2969 267 3032 tionem
282 2969 319 3034 de
330 2968 450 3052 justitia
467 2988 501 3034 ac
520 2966 668 3033 felicitate
686 2968 894 3051 explicandam
910 2987 978 3033 esse
994 2970 1087 3063 arbi-A

150 3084 302 3151 trabatur.
335 3086 564 3149 Arteudendum
589 3101 688 3150 autem
711 3084 804 3149 nobis
826 3085 985 3166 inprimis
1006 3103 1076 3164 est,

149 3202 323 3286 respexisse
341 3205 371 3267 in
389 3203 438 3267 his
459 3201 681 3285 philosophum
703 3202 902 3285 potissimum
924 3202 980 3267 tria
1001 3204 1073 3282 illu,

151 3320 288 3405 quaein
320 3320 423 3385 animo
454 3319 588 3384 hominis
620 3334 794 3402 repererat,
821 3322 1008 3400 τὸνλόγον,
1039 3325 1073 3388 τὸ
1139 3399 1145 3407 ‚

149 3441 294 3520 θυμοειδὲς
324 3452 355 3500 et
387 3438 509 3502 tertium
536 3442 570 3506 τὸ
598 3440 816 3519 ἐπιθυμητικὸν.
880 3437 917 3502 In
951 3437 1072 3519 optimo

148 3553 274 3618 homine
301 3555 346 3617 sic
375 3572 408 3616 ea
436 3573 504 3619 esse
535 3569 698 3637 temperata
728 3554 1009 3633 demonstraverat,
1038 3568 1073 3618 ut
1158 3536 1162 3544 ¹

148 3689 240 3736 suum
261 3670 382 3753 singula
404 3686 601 3752 peragerem:
622 3671 805 3754 gubernaret
824 3670 957 3736 animum
973 3671 1071 3761 ratio,

147 3787 317 3854 submissae
338 3787 447 3852 rationi
469 3801 571 3852 essent
590 3786 800 3868 cupiditates,
815 3767 902 3869 mp'te
918 3806 989 3853 vero
1003 3786 1072 3854 sive

1040 3912 1074 3975 τὸ

184 4042 225 4112 (ι)
244 4045 287 4096 De
304 4046 375 4114 Περ.
395 4043 480 4096 vrri.
497 4043 557 4098 548.
576 4042 609 4095 Ε.
623 4069 651 4082 -
668 4040 728 4094 550.
749 4041 777 4095 l’.

580 4144 650 4210 Ka
