2896 5168
627 471 797 532 ..24-

166 662 169 667 ·
253 627 478 713 fulgurantem:
511 632 597 713 quod
627 647 663 696 ut
693 632 769 697 vidit
798 629 925 713 auriga,
958 631 1054 715 ipsius
1070 627 1179 714 pulcre·

253 747 454 826 recordatur,
486 748 624 829 illudque
657 748 756 813 cernit
786 765 848 812 utra
877 764 947 811 cunr
978 743 1181 827 temperantia

251 865 285 929 in
311 884 391 945 puro
412 879 584 946 sanctoque
609 867 681 930 loco
701 863 891 947 repositum:
925 881 998 927 mox
1017 873 1118 926 autern
1141 860 1180 927 ad
1221 933 1226 941 ,

252 982 320 1066 ejus
346 982 525 1064 adspectum
553 969 723 1062 cohorret,
753 980 969 1062 reveritusque
991 977 1101 1044 recidit
1124 995 1179 1041 su·

253 1099 371 1182 pinus,
408 1099 565 1183 simulque
596 1097 719 1181 cogitur
743 1098 877 1164 habenas
899 1111 961 1161 tarn
980 1096 1178 1161 vehementer

253 1216 433 1296 retrahere,
466 1230 500 1280 ut
536 1215 627 1279 ambo
655 1213 729 1297 equi
761 1215 850 1281 coxis
885 1213 972 1277 humi
1003 1211 1179 1276 resideantt

253 1333 331 1396 alter
356 1330 480 1412 quidem
511 1346 646 1414 sponte,
680 1331 752 1411 quia
781 1329 905 1395 minime
938 1325 1026 1394 freno
1051 1329 1179 1393 relucta·

254 1461 327 1526 tur,
349 1466 464 1532 procae
481 1467 557 1514 vero
574 1447 627 1513 ille
646 1466 795 1530 perquam
815 1446 945 1513 invitus.
988 1445 1179 1512 Recedentes

253 1581 329 1628 vero
352 1564 508 1647 longius,
530 1568 606 1629 alter
627 1583 699 1648 prae
716 1564 835 1646 pudore
856 1579 887 1628 et
908 1562 1093 1628 verecundia
1114 1579 1181 1624 om·

251 1698 322 1745 nem
352 1679 509 1762 animunr,
544 1681 659 1745 sudore
690 1679 818 1763 irrigat:
857 1683 932 1745 alter
964 1674 1039 1745 vero
1069 1678 1180 1744 dolore

249 1796 426 1879 liberatus,
460 1816 558 1879 quem*
574 1816 629 1878 per
649 1794 771 1862 frenum
793 1813 825 1862 et
842 1817 947 1862 casum
968 1811 1180 1871 contraxerat,

192 1889 206 1903 „
252 1933 341 1996 aegre
361 1914 542 1994 respirans,
566 1912 611 1979 irat
633 1912 752 1993 fertur,
779 1928 811 1977 ct
833 1913 984 1978 conviciis
1009 1929 1079 1975 curn
1102 1912 1183 1975 auri.

254 2047 320 2111 gam
353 2043 419 2092 tum
442 2029 620 2111 adjunctum
641 2048 757 2110 equum
784 2028 885 2110 petit,
911 2026 999 2108 quasi
1019 2026 1073 2106 qui
1097 2026 1185 2108 igna-

255 2142 306 2208 vih
327 2141 536 2223 socordidque
565 2142 690 2208 ordines
715 2143 924 2210 deseruissent
952 2142 1182 2225 solvissentque

255 2272 397 2340 pactum:
437 2270 501 2320 tum
523 2277 632 2323 rursus
653 2277 707 2323 eos
729 2261 871 2324 nolentes
895 2258 1077 2338 invitosque
1096 2275 1182 2322 acce·

257 2373 328 2440 dere
355 2391 492 2455 cogens,
516 2393 604 2458 aegre
627 2374 784 2440 concessit
808 2377 893 2456 illis,
916 2375 1031 2441 differri
1054 2379 1085 2441 in
1110 2394 1185 2460 pos·

256 2507 355 2558 terum
384 2491 598 2557 exorantibus.
642 2492 818 2557 Accedente
841 2508 941 2557 autem
966 2509 1083 2558 statuto
1108 2508 1187 2557 tem-

256 2627 356 2692 pore,
378 2609 469 2693 cujus
494 2627 563 2673 esse
589 2608 781 2673 immemores
803 2607 848 2671 illi
870 2609 993 2688 quidem
1017 2608 1183 2689 simulant,

258 2726 309 2789 hic
341 2744 416 2790 vero
442 2724 515 2790 illus
543 2722 809 2804 commonefacit,
843 2743 981 2807 urgens,
1014 2723 1183 2804 hinniens,

258 2843 381 2908 trahens
414 2844 573 2925 compellit
608 2841 718 2907 iterum
755 2839 861 2906 iisdem
899 2840 1004 2906 verbis
1035 2840 1184 2907 amasium

258 2959 353 3024 adire.
397 2961 568 3042 Postquam
588 2978 663 3024 vcro
683 2977 782 3042 prope
796 2975 1009 3039 accesserunt,
1031 2958 1184 3042 inflexus,

258 3080 387 3142 extensa
417 3077 539 3156 caudi,
560 3075 682 3141 frenum
710 3076 831 3142 mordet
854 3075 1186 3159 impudentissimeque

260 3192 353 3274 rapit.
408 3193 470 3257 Sed
508 3193 636 3274 auriga,
679 3195 777 3258 rnulto
816 3192 914 3276 magis
946 3195 1072 3275 eadem,
1109 3213 1187 3276 quae

259 3325 369 3388 antea,
400 3327 532 3390 passus,
558 3309 646 3374 velut
671 3307 776 3374 statim
797 3330 814 3374 a
833 3310 1009 3375 carceribus
1032 3325 1114 3375 retro
1140 3330 1189 3375 re·

260 3425 388 3506 lapsus,
419 3425 546 3490 habenis
574 3428 665 3508 lunge
689 3424 905 3491 vehementius
933 3429 1092 3509 retractis,
1114 3430 1189 3494 den·

260 3541 346 3606 tibus
376 3557 588 3607 contumacem
622 3559 738 3622 equum
767 3541 930 3623 reprimit,
965 3559 1058 3625 atque
1088 3545 1191 3628 impu·

261 3675 322 3719 rurn
346 3658 479 3741 linguam
505 3660 706 3740 maxillasque
724 3671 909 3740 cruentans,
932 3679 1021 3724 crura
1042 3656 1073 3724 et
1094 3679 1187 3726 cosas

261 3773 347 3836 hurni
384 3773 491 3857 defigit
534 3774 709 3856 poenisque
747 3779 882 3840 coercet.
940 3774 1035 3859 Quod
1065 3790 1189 3855 postea·

261 3905 351 3965 quarn
384 3908 474 3970 saepe
499 3893 560 3973 jam
590 3910 705 3973 pravus
725 3909 825 3971 equus
851 3891 903 3957 ille
923 3908 1090 3973 perpessus
1120 3906 1188 3972 est,

257 4002 402 4072 lasciuire
427 4005 574 4089 desistit,
604 4005 895 4092 mansuefactusqtre
923 4007 1041 4073 tandem
1066 4008 1188 4091 aurigae

1113 4123 1190 4191 obc-
