2896 5168
620 515 813 581 -231—

279 964 284 971 ’
372 939 649 1023 Philosophia
679 935 1050 1024 apudPlatenem,

251 1058 334 1122 siue
354 1054 407 1120 ad
420 1056 623 1141 pulcrum,
646 1055 731 1121 siue
760 1053 950 1123 universe
970 1047 1023 1115 ad
1040 1068 1181 1116 strum,

256 1210 259 1215 ·
324 1174 549 1256 refertor,
581 1171 765 1234 hominis
795 1184 939 1253 reapse
966 1181 1022 1233 est
1051 1165 1102 1231 ad

463 1288 692 1352 ueritatem
722 1285 962 1350 conversio.

288 1533 415 1615 Duplex
443 1546 682 1611 argumentum,
712 1531 884 1596 arctissime
906 1546 1075 1612 utrumque
1093 1548 1172 1596 eon·

247 1650 413 1741 junctum,
435 1648 467 1711 in
494 1647 663 1729 postremis
692 1646 740 1711 his
764 1646 882 1711 nostris
909 1646 949 1711 de
977 1649 1042 1711 veri
1070 1647 1178 1730 philo·¹

251 1764 366 1847 sophia
392 1762 668 1844 disquisitionibus
701 1763 743 1828 ad
772 1761 862 1827 linem
895 1761 1075 1827 disserendo
1107 1783 1179 1844 per·

250 1879 416 1946 duximust
449 1882 576 1944 alterum
608 1877 647 1943 de
671 1876 784 1943 mundo
811 1882 923 1962 νοητῷ,
954 1875 992 1942 de
1012 1882 1104 1956 seri,
1140 1875 1180 1943 de

252 2003 305 2068 τοῦ
324 1999 403 2072 issac
423 1996 557 2060 scientid
574 1998 716 2062 alterum.
758 1995 810 2061 Ex
837 1993 922 2058 omni
949 1995 1005 2060 hac
1025 1982 1181 2074 disceptai
1207 1998 1232 2045 '·

251 2111 338 2177 tione
366 2111 398 2175 id
425 2104 539 2194 sponte
567 2098 793 2192 consequitur,
826 2113 1019 2179 racheles
1046 2107 1178 2190 potissi·

210 2237 212 2241 “
252 2247 336 2294 mum
358 2227 516 2307 hominis,
546 2227 747 2311 ejusdemque
766 2225 992 2292 adremmon
1012 2225 1181 2291 conversim

253 2364 319 2412 nem
341 2344 569 2429 philosophiam
590 2346 674 2424 apud
691 2345 847 2410 Platonem
868 2361 949 2407 esse.
988 2342 1068 2406 Nam
1088 2339 1179 2421 quid·⁸

254 2461 330 2542 quid
352 2462 390 2527 de
418 2461 597 2525 escensione
625 2460 719 2524 animi
751 2479 768 2523 e
792 2458 909 2523 mundo
939 2463 1033 2542 iperqi
1063 2457 1096 2520 in
1127 2460 1178 2526 ede
1258 2543 1262 2549 ,

253 2583 372 2659 νοητὸν,
401 2580 439 2642 de
467 2577 635 2662 gradibus,
675 2576 791 2658 quibus
811 2641 814 2648 ,
838 2595 875 2640 eo
903 2575 1105 2658 pervenitur,
1136 2574 1179 2638 de'

252 2693 330 2761 ideis
351 2670 532 2777 praecipue,
563 2711 640 2774 quas
664 2693 718 2775 qui
747 2710 811 2758 non
839 2692 978 2757 intuetur
1010 2708 1067 2755 nec
1092 2690 1179 2774 cogi·

252 2827 317 2877 tare
334 2826 416 2878 recte
444 2829 501 2875 nec
525 2809 673 2894 perlicere
696 2811 862 2892 quidquam
889 2823 1018 2891 potest,
1040 2807 1179 2888 itemque

252 2929 289 2990 de
311 2928 405 2990 animi
434 2929 472 2989 ad
492 2928 651 2991 veritatem
674 2939 853 3008 περιαγωγῇ
879 2925 1089 3005 protulimus,
1112 2940 1177 2987 non

252 3041 407 3125 pertinent
428 3040 503 3103 haec
523 3039 562 3102 ad
590 3040 694 3102 inanes
723 3040 761 3102 de
787 3056 889 3102 rerum
921 3036 1043 3119 origiue
1068 3057 1180 3118 quaes·
1215 3032 1220 3039 ’

250 3156 378 3236 tiones,
407 3157 461 3220 sed
490 3154 646 3220 hominem
677 3158 807 3238 ejusque
834 3155 1030 3219 verissimum
1058 3156 1179 3220 cultum

252 3289 284 3339 et
311 3272 531 3358 perfectionem
564 3286 719 3354 spectant.
763 3274 852 3358 Quae
879 3288 980 3339 autem
1013 3277 1179 3361 subiuncta

252 3389 303 3456 his
328 3405 376 3455 est
408 3390 446 3454 de
474 3389 558 3467 veri,
581 3383 624 3455 de
650 3399 702 3458 τοῦ
735 3394 814 3468 ὄντος
833 3391 962 3458 scientia
983 3393 1177 3478 disputatio,

251 3526 317 3589 quo
334 3506 395 3572 alio
412 3505 588 3589 pertinuit,
612 3525 726 3588 quam,
758 3521 794 3572 ut
816 3507 955 3576 Platonis
987 3511 1053 3577 sive
1083 3529 1178 3582 meta·

247 3625 409 3710 physicam
440 3622 507 3688 sive
537 3622 604 3688 veri
633 3622 801 3688 doctrinam
833 3624 1085 3708 exquireremus,
1115 3651 1177 3711 qua

250 3743 344 3808 unice
362 3722 470 3805 liceret
485 3738 613 3805 homini.
627 3740 665 3805 ad
687 3738 752 3804 veri
781 3739 941 3806 scientiam
962 3762 1176 3826 summamque

249 3856 471 3943 perfectionem
501 3857 672 3923 accedere?
714 3855 785 3923 Nos
821 3856 1036 3926 inchoavimus
1067 3861 1178 3928 haecce

252 3989 284 4042 et
313 3973 514 4059 philosophis
544 3973 749 4055 relinquimus
781 3975 888 4042 aetatis
922 3990 1076 4060 nostrae,
1117 3995 1177 4061 ut,

254 4092 351 4162 misso
372 4089 459 4158 omui
477 4091 636 4176 partium,
658 4105 865 4158 sectarumac
890 4106 1093 4177 systematum
1115 4109 1185 4162 stu·

1107 4211 1182 4296 dio,
