2896 5168
618 444 797 525 ..⁶3..
902 450 907 463 ·

250 617 422 694 uniuersam
447 587 516 686 ueri
533 621 758 711 philosophiam
776 623 916 695 Platonis
940 625 1172 710 declarandam,

249 735 458 825 instituamus.
521 738 730 829 Apponamus
755 740 803 822 ei,
833 757 897 842 quo
921 741 1048 824 propria
1073 741 1174 826 ipsius
1260 746 1263 751 '

249 852 350 940 uirtus
378 855 533 959 elucescat
553 854 674 945 tnagis,
704 857 948 941 metaphysicam
975 858 1181 927 Aristotelis.-

340 1085 399 1153 De
428 1035 717 1178 metaphysica
748 1091 861 1181 apud
889 1092 1071 1161 Graecos

522 1288 525 1295 ι
561 1286 564 1293 Ι
587 1207 842 1293 originibus.

263 1393 267 1400 ’
294 1394 470 1491 Latueiunt
490 1418 548 1491 hae
566 1420 620 1486 diu
639 1418 672 1486 in
685 1422 877 1507 <ionicorum
897 1420 1091 1505 aliorumque
1110 1421 1182 1520 phi·

250 1535 457 1620 losophorum
475 1537 589 1613 studiis
612 1557 647 1603 ac
670 1538 835 1606 doctrinis.
880 1536 1112 1635 Quaesiuerunt
1131 1539 1177 1613 nti

155 1678 164 1695 ·
251 1650 316 1721 fero
336 1655 375 1726 de
403 1653 496 1729 rebus
513 1638 675 1744 physicis,
693 1656 898 1743 studioseque
923 1675 1027 1723 earum
1055 1676 1179 1729 caussas

252 1771 475 1843 remotissimas
501 1771 681 1861 primasque
707 1760 922 1857 explorarunt.
988 1769 1067 1839 Nam
1096 1775 1182 1856 iona·

253 1902 326 1967 tuna
342 1887 479 1961 nonusis
500 1868 603 1959 animo
625 1889 764 1962 studium
786 1888 975 1971 exquirendi
996 1904 1068 1983 est,
1090 1891 1187 1961 undo

254 2018 324 2071 nam
347 2021 428 2085 quae
445 1986 557 2086 videt,
584 2023 666 2088 quae
690 2006 794 2087 tradit,
826 2024 906 2088 quae
928 2005 1063 2091 percipit
1084 2005 1186 2077 omni.-

255 2137 298 2195 no
319 2118 487 2199 sensibus,
508 2120 704 2191 exstiterint:
751 2124 838 2204 quod
857 2124 890 2189 in
911 2124 1050 2211 parvulis
1078 2127 1185 2213 patet,'

257 2234 397 2324 singulo,
419 2253 476 2301 cur
496 2235 538 2301 ita
561 2253 597 2300 se
620 2237 775 2331 habeant,
798 2239 842 2323 sic
867 2240 1059 2319 acciderint,
1082 2234 1188 2309 scisci-

259 2351 416 2426 tantibus:
462 2352 517 2421 sed
549 2350 736 2436 philosophi
763 2351 831 2432 ilii,
864 2352 982 2434 quippe
998 2354 1189 2449 philosophi,

257 2468 513 2555 intercipientes,
543 2466 636 2537 altius
666 2482 865 2552 spectantes,
894 2455 1191 2553 considerantesque

257 2599 289 2651 et
314 2586 448 2651 siderum
482 2556 588 2653 motus
608 2597 640 2649 et
663 2581 743 2654 solis
764 2586 919 2667 lunaeque
941 2604 1067 2650 cursum
1087 2598 1118 2650 et
1142 2604 1189 2659 re·
1222 2561 1227 2571 ’

258 2718 325 2766 ιιιιιι
346 2683 559 2773 universarum
590 2700 826 2781 vicissitudines
849 2722 883 2767 ac
908 2703 1194 2783 naturam‚horum

259 2818 397 2884 omniun
418 2816 543 2909 ultimas
559 2837 683 2889 caussas
701 2818 944 2905 investigarunt.
989 2820 1086 2907 Quod
1107 2823 1192 2915 apud

260 2935 408 3015 antiquos
432 2937 495 3019 Jatn
518 2935 688 3005 PhoeuIces
716 2936 860 3016 aliosque
890 2922 1018 3001 orientis
1052 2940 1192 3023 populos

261 3043 474 3117 factitaverant
498 3049 768 3134 sapientestundc
791 3054 933 3130 deosculat
950 3065 981 3114 et
1001 3046 1189 3134 torporata

261 3167 461 3241 exstiterunt.
513 3160 627 3233 Grae'ci
655 3181 758 3241 autern
784 3166 817 3231 in
833 3167 916 3249 >ipsa
948 3184 1049 3231 rerum
1078 3175 1192 3239 natura

261 3293 386 3356 caussas
405 3272 541 3338 omnium
564 3272 770 3362 indagantes,
798 3275 850 3339 uel
880 3277 1016 3361 ςοιχεία,
1037 3275 1189 3343 elementa

262 3405 387 3461 naturae
416 3408 495 3470 quae
516 3404 693 3478 vocantur,
715 3388 913 3457 attenderunt
939 3390 1091 3472 maxime,
1115 3376 1195 3474 quo·⁴

262 3481 330 3567 rum
351 3503 433 3566 atiud
451 3488 504 3575 alii
523 3523 663 3571 caussam
684 3521 787 3597 rerum
807 3493 992 3572 naturalium
1014 3509 1188 3599 primariam

263 3602 458 3716 habuerunt}
501 3620 552 3683 vel
570 3625 717 3704 ἁτομοὺς,
740 3635 775 3685 ut
806 3620 990 3707 Leucippus
1019 3640 1050 3689 et
1070 3626 1188 3693 Demo·
1289 3696 1291 3701 Α
1381 3648 1384 3651 ·

263 3734 359 3799 tritus
385 3733 553 3825 finxerunt.
580 3736 778 3817 *Exstabant
797 3739 893 3822 igitur
914 3740 945 3803 in
967 3741 1016 3805 his
1039 3746 1188 3822 quodam·

264 3853 360 3917 modo
382 3851 611 3940 metaphysicae
635 3852 791 3937 origines:
838 3859 1024 3937 quamquam
1050 3861 1186 3926 latebant

264 3964 386 4050 adhuc,
417 3969 549 4036 necdum
570 3970 639 4054 ipsa
661 3969 872 4056 metaphysica
892 3974 1066 4042 exstiterat.
1111 3979 1189 4044 Pro·

1111 4108 1184 4173 psus
