<?xml version="1.0" encoding="UTF-8"?>
<!DOCTYPE html PUBLIC "-//W3C//DTD XHTML 1.0 Transitional//EN"
    "http://www.w3.org/TR/xhtml1/DTD/xhtml1-transitional.dtd">
<html xmlns="http://www.w3.org/1999/xhtml" xml:lang="en" lang="en">
 <head>
  <title>
</title>
<meta http-equiv="Content-Type" content="text/html;charset=utf-8" />
  <meta name='ocr-system' content='tesseract 3.04.00' />
  <meta name='ocr-capabilities' content='ocr_page ocr_carea ocr_par ocr_line ocrx_word'/>
</head>
<body>
  <div class='ocr_page' id='page_1' title='image "./initiaphilosoph04heusgoog_0335.png"; bbox 0 0 2896 5168; ppageno 0'>
   <div class='ocr_carea' id='block_1_1' title="bbox 629 473 801 538">
    <p class='ocr_par' dir='ltr' id='par_1_1' title="bbox 629 473 801 538">
     <span class='ocr_line' id='line_1_1' title="bbox 629 473 801 538; baseline -0.023 -27"><span class='ocrx_word' id='word_1_1' title='bbox 629 473 801 538; x_wconf 68' lang='lat'>..⁵5—</span> 
     </span>
    </p>
   </div>
   <div class='ocr_carea' id='block_1_2' title="bbox 163 617 1312 3842">
    <p class='ocr_par' dir='ltr' id='par_1_2' title="bbox 163 617 1312 3842">
     <span class='ocr_line' id='line_1_2' title="bbox 254 617 1203 713; baseline -0.011 -6"><span class='ocrx_word' id='word_1_2' title='bbox 254 653 363 707; x_wconf 82' lang='lat' dir='ltr'>verum</span> <span class='ocrx_word' id='word_1_3' title='bbox 393 659 410 706; x_wconf 86' lang='lat' dir='ltr'>a</span> <span class='ocrx_word' id='word_1_4' title='bbox 441 640 571 707; x_wconf 89' lang='lat' dir='ltr'>Platone</span> <span class='ocrx_word' id='word_1_5' title='bbox 596 654 662 702; x_wconf 91' lang='lat' dir='ltr'>non</span> <span class='ocrx_word' id='word_1_6' title='bbox 692 635 769 702; x_wconf 89' lang='lat' dir='ltr'>ideis</span> <span class='ocrx_word' id='word_1_7' title='bbox 801 633 978 713; x_wconf 82' lang='lat' dir='ltr'>accenseri,</span> <span class='ocrx_word' id='word_1_8' title='bbox 1011 618 1074 697; x_wconf 71' lang='lat' dir='ltr'>acs&#39;i</span> <span class='ocrx_word' id='word_1_9' title='bbox 1095 632 1137 697; x_wconf 87' lang='lat' dir='ltr'>ita</span> <span class='ocrx_word' id='word_1_10' title='bbox 1160 617 1203 697; x_wconf 62' lang='lat' dir='ltr'>a=</span> 
     </span>
     <span class='ocr_line' id='line_1_3' title="bbox 255 748 1178 842; baseline -0.02 -16"><span class='ocrx_word' id='word_1_11' title='bbox 255 761 378 842; x_wconf 85' lang='lat' dir='ltr'>pulcro·</span> <span class='ocrx_word' id='word_1_12' title='bbox 396 752 541 823; x_wconf 90' lang='lat' dir='ltr'>et&#39;bono</span> <span class='ocrx_word' id='word_1_13' title='bbox 563 768 594 819; x_wconf 87' lang='lat' dir='ltr'>et</span> <span class='ocrx_word' id='word_1_14' title='bbox 612 755 700 836; x_wconf 83' lang='lat' dir='ltr'>justo</span> <span class='ocrx_word' id='word_1_15' title='bbox 732 748 985 834; x_wconf 86' lang='lat' dir='ltr'>distinguendum</span> <span class='ocrx_word' id='word_1_16' title='bbox 1015 761 1122 826; x_wconf 87' lang='lat' dir='ltr'>esset,</span> <span class='ocrx_word' id='word_1_17' title='bbox 1142 755 1178 809; x_wconf 82' lang='lat' dir='ltr'>ut</span> 
     </span>
     <span class='ocr_line' id='line_1_4' title="bbox 250 862 1180 950; baseline -0.015 -10"><span class='ocrx_word' id='word_1_18' title='bbox 250 873 328 940; x_wconf 77' lang='lat' dir='ltr'>naec</span> <span class='ocrx_word' id='word_1_19' title='bbox 357 892 375 937; x_wconf 87' lang='lat' dir='ltr'>a</span> <span class='ocrx_word' id='word_1_20' title='bbox 406 887 441 936; x_wconf 91' lang='lat' dir='ltr'>se</span> <span class='ocrx_word' id='word_1_21' title='bbox 470 870 603 934; x_wconf 85' lang='lat' dir='ltr'>invicem</span> <span class='ocrx_word' id='word_1_22' title='bbox 635 866 869 950; x_wconf 84' lang='lat' dir='ltr'>distinguuntur</span> <span class='ocrx_word' id='word_1_23' title='bbox 898 864 956 930; x_wconf 70' lang='grc' dir='ltr'>(ι).</span> <span class='ocrx_word' id='word_1_24' title='bbox 1011 862 1180 928; x_wconf 78' lang='lat' dir='ltr'>Veritatem</span> 
     </span>
     <span class='ocr_line' id='line_1_5' title="bbox 254 972 1182 1071; baseline -0.013 -17"><span class='ocrx_word' id='word_1_25' title='bbox 254 989 352 1071; x_wconf 83' lang='lat' dir='ltr'>igitur</span> <span class='ocrx_word' id='word_1_26' title='bbox 385 985 469 1051; x_wconf 82' lang='lat' dir='ltr'>ideas</span> <span class='ocrx_word' id='word_1_27' title='bbox 507 973 675 1066; x_wconf 85' lang='lat' dir='ltr'>ipsumque</span> <span class='ocrx_word' id='word_1_28' title='bbox 705 982 824 1046; x_wconf 89' lang='lat' dir='ltr'>bonum</span> <span class='ocrx_word' id='word_1_29' title='bbox 860 972 1037 1059; x_wconf 86' lang='lat' dir='ltr'>illustrare,</span> <span class='ocrx_word' id='word_1_30' title='bbox 1066 978 1182 1043; x_wconf 80' lang='lat' dir='ltr'>‘dicere</span> 
     </span>
     <span class='ocr_line' id='line_1_6' title="bbox 252 1091 1182 1195; baseline -0.008 -29"><span class='ocrx_word' id='word_1_31' title='bbox 252 1119 319 1167; x_wconf 85' lang='lat' dir='ltr'>uon</span> <span class='ocrx_word' id='word_1_32' title='bbox 343 1113 470 1195; x_wconf 68' lang='lat' dir='ltr'>&#39;poterat</span> <span class='ocrx_word' id='word_1_33' title='bbox 488 1091 724 1187; x_wconf 81' lang='lat' dir='ltr'>¹philosophus.</span> <span class='ocrx_word' id='word_1_34' title='bbox 776 1096 839 1162; x_wconf 88' lang='lat' dir='ltr'>Sed</span> <span class='ocrx_word' id='word_1_35' title='bbox 857 1097 1039 1162; x_wconf 76' lang='lat' dir='ltr'>addendum</span> <span class='ocrx_word' id='word_1_36' title='bbox 1063 1095 1117 1160; x_wconf 83' lang='lat' dir='ltr'>-iiis</span> <span class='ocrx_word' id='word_1_37' title='bbox 1147 1095 1182 1159; x_wconf 86' lang='lat' dir='ltr'>ii·</span> 
     </span>
     <span class='ocr_line' id='line_1_7' title="bbox 254 1213 1187 1300; baseline -0.003 -20"><span class='ocrx_word' id='word_1_38' title='bbox 254 1217 310 1281; x_wconf 83' lang='lat' dir='ltr'>iud</span> <span class='ocrx_word' id='word_1_39' title='bbox 334 1214 404 1296; x_wconf 86' lang='lat' dir='ltr'>est,</span> <span class='ocrx_word' id='word_1_40' title='bbox 436 1215 523 1300; x_wconf 83' lang='lat' dir='ltr'>quod</span> <span class='ocrx_word' id='word_1_41' title='bbox 551 1213 584 1278; x_wconf 91' lang='lat' dir='ltr'>in</span> <span class='ocrx_word' id='word_1_42' title='bbox 612 1217 680 1279; x_wconf 76' lang='lat' dir='ltr'>tuta</span> <span class='ocrx_word' id='word_1_43' title='bbox 709 1213 764 1278; x_wconf 89' lang='lat' dir='ltr'>hac</span> <span class='ocrx_word' id='word_1_44' title='bbox 787 1214 852 1278; x_wconf 87' lang='lat' dir='ltr'>veri</span> <span class='ocrx_word' id='word_1_45' title='bbox 875 1213 1038 1295; x_wconf 76' lang='lat' dir='ltr'>disciplina</span> <span class='ocrx_word' id='word_1_46' title='bbox 1059 1213 1187 1296; x_wconf 69' lang='lat' dir='ltr'>gravis·-</span> 
     </span>
     <span class='ocr_line' id='line_1_8' title="bbox 252 1328 1267 1416; baseline -0.007 -18"><span class='ocrx_word' id='word_1_47' title='bbox 252 1333 366 1398; x_wconf 79' lang='lat' dir='ltr'>simum</span> <span class='ocrx_word' id='word_1_48' title='bbox 408 1330 544 1396; x_wconf 87' lang='lat' dir='ltr'>videtur.</span> <span class='ocrx_word' id='word_1_49' title='bbox 609 1328 707 1416; x_wconf 89' lang='lat' dir='ltr'>Quod</span> <span class='ocrx_word' id='word_1_50' title='bbox 741 1329 827 1394; x_wconf 88' lang='lat' dir='ltr'>omni</span> <span class='ocrx_word' id='word_1_51' title='bbox 858 1340 936 1394; x_wconf 86' lang='lat' dir='ltr'>aevo</span> <span class='ocrx_word' id='word_1_52' title='bbox 960 1329 1186 1410; x_wconf 70' lang='lat' dir='ltr'>quaesiverunt</span> <span class='ocrx_word' id='word_1_53' title='bbox 1265 1364 1267 1368; x_wconf 56' lang='lat'>&gt;</span> 
     </span>
     <span class='ocr_line' id='line_1_9' title="bbox 249 1443 1186 1533; baseline -0.007 -19"><span class='ocrx_word' id='word_1_54' title='bbox 249 1448 460 1533; x_wconf 78' lang='lat' dir='ltr'>philosophi,</span> <span class='ocrx_word' id='word_1_55' title='bbox 483 1448 561 1529; x_wconf 86' lang='lat' dir='ltr'>quid</span> <span class='ocrx_word' id='word_1_56' title='bbox 581 1451 700 1512; x_wconf 70' lang='lat' dir='ltr'>auritas</span> <span class='ocrx_word' id='word_1_57' title='bbox 718 1447 778 1526; x_wconf 86' lang='lat' dir='ltr'>sit,</span> <span class='ocrx_word' id='word_1_58' title='bbox 803 1445 1012 1528; x_wconf 86' lang='lat' dir='ltr'>compat-ando</span> <span class='ocrx_word' id='word_1_59' title='bbox 1038 1443 1186 1528; x_wconf 80' lang='lat' dir='ltr'>patefecit</span> 
     </span>
     <span class='ocr_line' id='line_1_10' title="bbox 248 1561 1188 1647; baseline -0.003 -16"><span class='ocrx_word' id='word_1_60' title='bbox 248 1566 352 1633; x_wconf 71' lang='lat' dir='ltr'>Plato.</span> <span class='ocrx_word' id='word_1_61' title='bbox 397 1561 560 1647; x_wconf 82' lang='lat' dir='ltr'>Opposuit</span> <span class='ocrx_word' id='word_1_62' title='bbox 587 1564 618 1629; x_wconf 86' lang='lat' dir='ltr'>ei</span> <span class='ocrx_word' id='word_1_63' title='bbox 646 1563 812 1645; x_wconf 83' lang='lat' dir='ltr'>id,.qu0d</span> <span class='ocrx_word' id='word_1_64' title='bbox 832 1562 1018 1643; x_wconf 66' lang='lat' dir='ltr'>adderetur,</span> <span class='ocrx_word' id='word_1_65' title='bbox 1047 1579 1112 1627; x_wconf 88' lang='lat' dir='ltr'>non</span> <span class='ocrx_word' id='word_1_66' title='bbox 1143 1584 1188 1628; x_wconf 81' lang='lat' dir='ltr'>er·</span> 
     </span>
     <span class='ocr_line' id='line_1_11' title="bbox 250 1677 1312 1773; baseline -0.006 -24"><span class='ocrx_word' id='word_1_67' title='bbox 250 1697 317 1767; x_wconf 78' lang='lat' dir='ltr'>m,-</span> <span class='ocrx_word' id='word_1_68' title='bbox 360 1681 447 1763; x_wconf 91' lang='lat' dir='ltr'>quod</span> <span class='ocrx_word' id='word_1_69' title='bbox 475 1696 554 1746; x_wconf 86' lang='lat' dir='ltr'>vero</span> <span class='ocrx_word' id='word_1_70' title='bbox 590 1696 687 1760; x_wconf 77' lang='lat' dir='ltr'>essee,</span> <span class='ocrx_word' id='word_1_71' title='bbox 717 1696 775 1743; x_wconf 84' lang='lat' dir='ltr'>nec</span> <span class='ocrx_word' id='word_1_72' title='bbox 807 1694 879 1744; x_wconf 87' lang='lat' dir='ltr'>esse</span> <span class='ocrx_word' id='word_1_73' title='bbox 907 1677 1093 1758; x_wconf 72' lang='lat' dir='ltr'>videretur,</span> <span class='ocrx_word' id='word_1_74' title='bbox 1126 1678 1188 1755; x_wconf 75' lang='lat' dir='ltr'>hoc</span> <span class='ocrx_word' id='word_1_75' title='bbox 1307 1764 1312 1773; x_wconf 28' lang='grc' dir='ltr'>Ι</span> 
     </span>
     <span class='ocr_line' id='line_1_12' title="bbox 249 1794 1252 1878; baseline -0.004 -13"><span class='ocrx_word' id='word_1_76' title='bbox 249 1816 362 1865; x_wconf 72' lang='lat' dir='ltr'>acrum</span> <span class='ocrx_word' id='word_1_77' title='bbox 395 1797 495 1864; x_wconf 83' lang='lat' dir='ltr'>dixit:</span> <span class='ocrx_word' id='word_1_78' title='bbox 527 1815 589 1877; x_wconf 89' lang='lat' dir='ltr'>qua</span> <span class='ocrx_word' id='word_1_79' title='bbox 619 1798 652 1861; x_wconf 92' lang='lat' dir='ltr'>in</span> <span class='ocrx_word' id='word_1_80' title='bbox 684 1813 737 1876; x_wconf 87' lang='lat' dir='ltr'>re,</span> <span class='ocrx_word' id='word_1_81' title='bbox 772 1794 799 1865; x_wconf 88' lang='lat' dir='ltr'>si</span> <span class='ocrx_word' id='word_1_82' title='bbox 830 1813 895 1861; x_wconf 90' lang='lat' dir='ltr'>non</span> <span class='ocrx_word' id='word_1_83' title='bbox 928 1795 1191 1878; x_wconf 81' lang='lat' dir='ltr'>philosophorum</span> <span class='ocrx_word' id='word_1_84' title='bbox 1247 1840 1252 1850; x_wconf 71' lang='grc'><strong>.</strong></span> 
     </span>
     <span class='ocr_line' id='line_1_13' title="bbox 252 1896 1195 1994; baseline 0 -15"><span class='ocrx_word' id='word_1_85' title='bbox 252 1914 460 1994; x_wconf 82' lang='lat' dir='ltr'>sententiam,</span> <span class='ocrx_word' id='word_1_86' title='bbox 484 1926 515 1978; x_wconf 91' lang='lat' dir='ltr'>at</span> <span class='ocrx_word' id='word_1_87' title='bbox 545 1913 706 1978; x_wconf 88' lang='lat' dir='ltr'>hominum</span> <span class='ocrx_word' id='word_1_88' title='bbox 731 1930 825 1978; x_wconf 88' lang='lat' dir='ltr'>usum</span> <span class='ocrx_word' id='word_1_89' title='bbox 844 1926 876 1977; x_wconf 91' lang='lat' dir='ltr'>et</span> <span class='ocrx_word' id='word_1_90' title='bbox 898 1910 987 1992; x_wconf 85' lang='lat' dir='ltr'>quasi</span> <span class='ocrx_word' id='word_1_91' title='bbox 1013 1896 1124 1978; x_wconf 84' lang='lat' dir='ltr'>vocem</span> <span class='ocrx_word' id='word_1_92' title='bbox 1144 1929 1195 1979; x_wconf 83' lang='lat' dir='ltr'>aa·</span> 
     </span>
     <span class='ocr_line' id='line_1_14' title="bbox 250 2027 1189 2111; baseline -0.001 -16"><span class='ocrx_word' id='word_1_93' title='bbox 250 2029 438 2095; x_wconf 75' lang='lat' dir='ltr'>sentientem</span> <span class='ocrx_word' id='word_1_94' title='bbox 466 2028 526 2094; x_wconf 86' lang='lat' dir='ltr'>sibi</span> <span class='ocrx_word' id='word_1_95' title='bbox 558 2027 715 2109; x_wconf 84' lang='lat' dir='ltr'>habebat,</span> <span class='ocrx_word' id='word_1_96' title='bbox 741 2040 808 2110; x_wconf 86' lang='lat' dir='ltr'>&#39;qua</span> <span class='ocrx_word' id='word_1_97' title='bbox 839 2029 923 2111; x_wconf 88' lang='lat' dir='ltr'>apud</span> <span class='ocrx_word' id='word_1_98' title='bbox 955 2028 1099 2095; x_wconf 88' lang='lat' dir='ltr'>Graecos</span> <span class='ocrx_word' id='word_1_99' title='bbox 1132 2028 1162 2094; x_wconf 91' lang='lat' dir='ltr'>id</span> <span class='ocrx_word' id='word_1_100' title='bbox 1172 2038 1189 2109; x_wconf 79' lang='lat'>¹,</span> 
     </span>
     <span class='ocr_line' id='line_1_15' title="bbox 257 2144 1232 2230; baseline 0.001 -21"><span class='ocrx_word' id='word_1_101' title='bbox 257 2145 346 2226; x_wconf 85' lang='lat' dir='ltr'>quod</span> <span class='ocrx_word' id='word_1_102' title='bbox 371 2144 487 2211; x_wconf 66' lang='lat' dir='ltr'>raserat</span> <span class='ocrx_word' id='word_1_103' title='bbox 514 2146 659 2224; x_wconf 86' lang='lat' dir='ltr'>pulcrum</span> <span class='ocrx_word' id='word_1_104' title='bbox 684 2158 754 2224; x_wconf 91' lang='lat' dir='ltr'>est,</span> <span class='ocrx_word' id='word_1_105' title='bbox 775 2150 827 2229; x_wconf 74' lang='grc' dir='ltr'>τῷ</span> <span class='ocrx_word' id='word_1_106' title='bbox 843 2149 929 2215; x_wconf 69' lang='grc' dir='ltr'>ὄντα</span> <span class='ocrx_word' id='word_1_107' title='bbox 951 2153 1042 2218; x_wconf 72' lang='grc' dir='ltr'><strong>καλὸν</strong></span> <span class='ocrx_word' id='word_1_108' title='bbox 1060 2148 1193 2230; x_wconf 64' lang='lat' dir='ltr'>(nezem</span> <span class='ocrx_word' id='word_1_109' title='bbox 1229 2182 1232 2191; x_wconf 90' lang='lat'>-</span> 
     </span>
     <span class='ocr_line' id='line_1_16' title="bbox 252 2257 1190 2346; baseline 0.001 -20"><span class='ocrx_word' id='word_1_110' title='bbox 252 2261 312 2346; x_wconf 73' lang='lat' dir='ltr'>lajle</span> <span class='ocrx_word' id='word_1_111' title='bbox 328 2259 434 2326; x_wconf 75' lang='lat' dir='ltr'>scheon</span> <span class='ocrx_word' id='word_1_112' title='bbox 453 2268 514 2322; x_wconf 82' lang='lat' dir='ltr'>nos</span> <span class='ocrx_word' id='word_1_113' title='bbox 533 2257 685 2338; x_wconf 88' lang='lat' dir='ltr'>dicimus)</span> <span class='ocrx_word' id='word_1_114' title='bbox 706 2261 863 2339; x_wconf 82' lang='lat' dir='ltr'>appellare</span> <span class='ocrx_word' id='word_1_115' title='bbox 881 2263 1034 2326; x_wconf 89' lang='lat' dir='ltr'>solebant.</span> <span class='ocrx_word' id='word_1_116' title='bbox 1079 2263 1190 2343; x_wconf 76' lang='lat' dir='ltr'>Itaque</span> 
     </span>
     <span class='ocr_line' id='line_1_17' title="bbox 254 2352 1187 2455; baseline -0.001 -17"><span class='ocrx_word' id='word_1_117' title='bbox 254 2375 338 2441; x_wconf 86' lang='lat' dir='ltr'>ideas</span> <span class='ocrx_word' id='word_1_118' title='bbox 364 2375 437 2455; x_wconf 83' lang='lat' dir='ltr'>ilie,</span> <span class='ocrx_word' id='word_1_119' title='bbox 460 2352 622 2438; x_wconf 78' lang='lat' dir='ltr'>verissima</span> <span class='ocrx_word' id='word_1_120' title='bbox 643 2368 746 2436; x_wconf 85' lang='lat' dir='ltr'>rerum</span> <span class='ocrx_word' id='word_1_121' title='bbox 777 2375 979 2454; x_wconf 85' lang='lat' dir='ltr'>exemplaria,</span> <span class='ocrx_word' id='word_1_122' title='bbox 1008 2380 1059 2445; x_wconf 66' lang='grc' dir='ltr'>τὰ</span> <span class='ocrx_word' id='word_1_123' title='bbox 1089 2379 1187 2447; x_wconf 54' lang='grc' dir='ltr'>ὄντα</span> 
     </span>
     <span class='ocr_line' id='line_1_18' title="bbox 253 2474 1188 2572; baseline 0.005 -15"><span class='ocrx_word' id='word_1_124' title='bbox 253 2491 419 2572; x_wconf 87' lang='lat' dir='ltr'>universe,</span> <span class='ocrx_word' id='word_1_125' title='bbox 458 2486 701 2572; x_wconf 84' lang='lat' dir='ltr'>singulatimque</span> <span class='ocrx_word' id='word_1_126' title='bbox 729 2489 874 2571; x_wconf 88' lang='lat' dir='ltr'>pulcrum</span> <span class='ocrx_word' id='word_1_127' title='bbox 910 2505 942 2554; x_wconf 91' lang='lat' dir='ltr'>et</span> <span class='ocrx_word' id='word_1_128' title='bbox 970 2490 1112 2571; x_wconf 89' lang='lat' dir='ltr'>bonum,</span> <span class='ocrx_word' id='word_1_129' title='bbox 1144 2474 1188 2562; x_wconf 64' lang='lat' dir='ltr'>cd</span> 
     </span>
     <span class='ocr_line' id='line_1_19' title="bbox 251 2606 1186 2693; baseline -0.014 -13"><span class='ocrx_word' id='word_1_130' title='bbox 251 2612 377 2684; x_wconf 65' lang='grc' dir='ltr'><em>ὅντως</em></span> <span class='ocrx_word' id='word_1_131' title='bbox 402 2606 442 2676; x_wconf 70' lang='grc' dir='ltr'>ὃν</span> <span class='ocrx_word' id='word_1_132' title='bbox 472 2609 564 2675; x_wconf 70' lang='grc' dir='ltr'><strong><em>καλόν</em></strong></span> <span class='ocrx_word' id='word_1_133' title='bbox 585 2633 620 2674; x_wconf 78' lang='grc' dir='ltr'>τε</span> <span class='ocrx_word' id='word_1_134' title='bbox 648 2609 698 2673; x_wconf 70' lang='grc' dir='ltr'>καὶ</span> <span class='ocrx_word' id='word_1_135' title='bbox 725 2609 862 2686; x_wconf 63' lang='lat' dir='ltr'>aratia,</span> <span class='ocrx_word' id='word_1_136' title='bbox 904 2607 991 2686; x_wconf 85' lang='lat' dir='ltr'>quod</span> <span class='ocrx_word' id='word_1_137' title='bbox 1023 2611 1186 2693; x_wconf 48' lang='lat' dir='ltr'>adsim</span> 
     </span>
     <span class='ocr_line' id='line_1_20' title="bbox 250 2720 1189 2811; baseline -0.002 -20"><span class='ocrx_word' id='word_1_138' title='bbox 250 2727 397 2810; x_wconf 81' lang='lat' dir='ltr'>pulcrum</span> <span class='ocrx_word' id='word_1_139' title='bbox 425 2737 479 2788; x_wconf 90' lang='lat' dir='ltr'>aut</span> <span class='ocrx_word' id='word_1_140' title='bbox 502 2721 620 2786; x_wconf 89' lang='lat' dir='ltr'>bonum</span> <span class='ocrx_word' id='word_1_141' title='bbox 644 2734 751 2799; x_wconf 86' lang='lat' dir='ltr'>esset,</span> <span class='ocrx_word' id='word_1_142' title='bbox 775 2720 911 2786; x_wconf 86' lang='lat' dir='ltr'>vocavit.</span> <span class='ocrx_word' id='word_1_143' title='bbox 957 2721 1110 2790; x_wconf 82' lang='lat' dir='ltr'>Effectrix</span> <span class='ocrx_word' id='word_1_144' title='bbox 1132 2725 1189 2811; x_wconf 84' lang='lat' dir='ltr'>igi·</span> 
     </span>
     <span class='ocr_line' id='line_1_21' title="bbox 200 2834 1188 2926; baseline -0.001 -17"><span class='ocrx_word' id='word_1_145' title='bbox 200 2834 203 2839; x_wconf 76' lang='grc'><strong>’</strong></span> <span class='ocrx_word' id='word_1_146' title='bbox 253 2856 306 2909; x_wconf 90' lang='lat' dir='ltr'>tur</span> <span class='ocrx_word' id='word_1_147' title='bbox 333 2842 470 2908; x_wconf 88' lang='lat' dir='ltr'>idearum</span> <span class='ocrx_word' id='word_1_148' title='bbox 499 2854 639 2903; x_wconf 88' lang='lat' dir='ltr'>nonest</span> <span class='ocrx_word' id='word_1_149' title='bbox 666 2839 803 2916; x_wconf 86' lang='lat' dir='ltr'>veritas,</span> <span class='ocrx_word' id='word_1_150' title='bbox 845 2840 899 2904; x_wconf 92' lang='lat' dir='ltr'>sed</span> <span class='ocrx_word' id='word_1_151' title='bbox 929 2839 1015 2906; x_wconf 90' lang='lat' dir='ltr'>ideae</span> <span class='ocrx_word' id='word_1_152' title='bbox 1025 2860 1044 2920; x_wconf 87' lang='lat'>‚·</span> <span class='ocrx_word' id='word_1_153' title='bbox 1068 2842 1188 2926; x_wconf 88' lang='lat' dir='ltr'>quippe</span> 
     </span>
     <span class='ocr_line' id='line_1_22' title="bbox 251 2954 1186 3042; baseline 0 -18"><span class='ocrx_word' id='word_1_154' title='bbox 251 2970 336 3042; x_wconf 73' lang='lat' dir='ltr'>quae</span> <span class='ocrx_word' id='word_1_155' title='bbox 367 2956 530 3021; x_wconf 89' lang='lat' dir='ltr'>continent</span> <span class='ocrx_word' id='word_1_156' title='bbox 559 2972 690 3033; x_wconf 84' lang='lat' dir='ltr'>verum,</span> <span class='ocrx_word' id='word_1_157' title='bbox 723 2954 861 3018; x_wconf 85' lang='lat' dir='ltr'>veritatis</span> <span class='ocrx_word' id='word_1_158' title='bbox 894 2956 988 3021; x_wconf 87' lang='lat' dir='ltr'>nobis</span> <span class='ocrx_word' id='word_1_159' title='bbox 1015 2955 1186 3026; x_wconf 85' lang='lat' dir='ltr'>effectrices</span> 
     </span>
     <span class='ocr_line' id='line_1_23' title="bbox 254 3070 1187 3157; baseline -0.003 -15"><span class='ocrx_word' id='word_1_160' title='bbox 254 3089 342 3142; x_wconf 87' lang='lat' dir='ltr'>sunt.</span> <span class='ocrx_word' id='word_1_161' title='bbox 386 3073 475 3157; x_wconf 83' lang='lat' dir='ltr'>Quae</span> <span class='ocrx_word' id='word_1_162' title='bbox 504 3088 576 3134; x_wconf 90' lang='lat' dir='ltr'>cum</span> <span class='ocrx_word' id='word_1_163' title='bbox 607 3070 648 3134; x_wconf 92' lang='lat' dir='ltr'>ita</span> <span class='ocrx_word' id='word_1_164' title='bbox 676 3071 762 3148; x_wconf 83' lang='lat' dir='ltr'>sint,</span> <span class='ocrx_word' id='word_1_165' title='bbox 795 3087 860 3134; x_wconf 91' lang='lat' dir='ltr'>non</span> <span class='ocrx_word' id='word_1_166' title='bbox 891 3071 1093 3153; x_wconf 85' lang='lat' dir='ltr'>mirabimur,</span> <span class='ocrx_word' id='word_1_167' title='bbox 1117 3077 1187 3157; x_wconf 85' lang='lat' dir='ltr'>opi-</span> 
     </span>
     <span class='ocr_line' id='line_1_24' title="bbox 163 3168 1187 3272; baseline -0.005 -13"><span class='ocrx_word' id='word_1_168' title='bbox 163 3168 166 3175; x_wconf 41' lang='grc'>’</span> <span class='ocrx_word' id='word_1_169' title='bbox 254 3210 337 3272; x_wconf 87' lang='lat' dir='ltr'>nor,</span> <span class='ocrx_word' id='word_1_170' title='bbox 367 3189 431 3254; x_wconf 89' lang='lat' dir='ltr'>luci</span> <span class='ocrx_word' id='word_1_171' title='bbox 450 3188 632 3265; x_wconf 86' lang='lat' dir='ltr'>Platonem,</span> <span class='ocrx_word' id='word_1_172' title='bbox 662 3205 742 3266; x_wconf 86' lang='lat' dir='ltr'>quae</span> <span class='ocrx_word' id='word_1_173' title='bbox 772 3187 878 3252; x_wconf 85' lang='lat' dir='ltr'>a-soie</span> <span class='ocrx_word' id='word_1_174' title='bbox 904 3185 1112 3269; x_wconf 85' lang='lat' dir='ltr'>diffunditur,</span> <span class='ocrx_word' id='word_1_175' title='bbox 1133 3210 1187 3256; x_wconf 87' lang='lat' dir='ltr'>ve·</span> 
     </span>
     <span class='ocr_line' id='line_1_25' title="bbox 253 3303 1187 3387; baseline -0.002 -13"><span class='ocrx_word' id='word_1_176' title='bbox 253 3309 398 3387; x_wconf 70' lang='lat' dir='ltr'>ritatem,</span> <span class='ocrx_word' id='word_1_177' title='bbox 420 3304 547 3387; x_wconf 87' lang='lat' dir='ltr'>ipsique</span> <span class='ocrx_word' id='word_1_178' title='bbox 566 3303 766 3381; x_wconf 64' lang='lat' dir='ltr'>solicitatis</span> <span class='ocrx_word' id='word_1_179' title='bbox 788 3305 906 3383; x_wconf 68' lang='grc' dir='ltr'>ἄγὸιθοῦ</span> <span class='ocrx_word' id='word_1_180' title='bbox 925 3307 1030 3385; x_wconf 70' lang='grc' dir='ltr'><em>ἰδέαν,</em></span> <span class='ocrx_word' id='word_1_181' title='bbox 1050 3305 1187 3372; x_wconf 82' lang='lat' dir='ltr'>idearum</span> 
     </span>
     <span class='ocr_line' id='line_1_26' title="bbox 256 3416 1185 3504; baseline 0 -16"><span class='ocrx_word' id='word_1_182' title='bbox 256 3416 395 3488; x_wconf 85' lang='lat' dir='ltr'>amnium</span> <span class='ocrx_word' id='word_1_183' title='bbox 412 3430 587 3500; x_wconf 85' lang='lat' dir='ltr'>summam,</span> <span class='ocrx_word' id='word_1_184' title='bbox 616 3436 823 3502; x_wconf 84' lang='lat' dir='ltr'>comparasse.</span> <span class='ocrx_word' id='word_1_185' title='bbox 878 3420 1085 3504; x_wconf 82' lang='lat' dir='ltr'>Intelligimus</span> <span class='ocrx_word' id='word_1_186' title='bbox 1113 3422 1185 3488; x_wconf 89' lang='lat' dir='ltr'>hinc</span> 
     </span>
     <span class='ocr_line' id='line_1_27' title="bbox 256 3526 1187 3619; baseline 0.009 -17"><span class='ocrx_word' id='word_1_187' title='bbox 256 3530 355 3616; x_wconf 81' lang='lat' dir='ltr'>item,</span> <span class='ocrx_word' id='word_1_188' title='bbox 379 3552 475 3616; x_wconf 84' lang='lat' dir='ltr'>quare</span> <span class='ocrx_word' id='word_1_189' title='bbox 498 3526 697 3619; x_wconf 70' lang='grc' dir='ltr'><strong><em>ὑπερουράνως</em></strong></span> <span class='ocrx_word' id='word_1_190' title='bbox 717 3535 831 3601; x_wconf 79' lang='lat' dir='ltr'>ilie-&#39;in</span> <span class='ocrx_word' id='word_1_191' title='bbox 860 3537 999 3604; x_wconf 88' lang='lat' dir='ltr'>Phaedro</span> <span class='ocrx_word' id='word_1_192' title='bbox 1024 3544 1114 3616; x_wconf 63' lang='lat' dir='ltr'>aazia</span> <span class='ocrx_word' id='word_1_193' title='bbox 1136 3560 1187 3607; x_wconf 74' lang='grc' dir='ltr'>νε·</span> 
     </span>
     <span class='ocr_line' id='line_1_28' title="bbox 255 3652 1183 3737; baseline 0.002 -18"><span class='ocrx_word' id='word_1_194' title='bbox 255 3656 366 3720; x_wconf 71' lang='lat' dir='ltr'>risam</span> <span class='ocrx_word' id='word_1_195' title='bbox 393 3658 520 3735; x_wconf 79' lang='lat' dir='ltr'>campus</span> <span class='ocrx_word' id='word_1_196' title='bbox 543 3664 675 3716; x_wconf 81' lang='lat' dir='ltr'>vocetur</span> <span class='ocrx_word' id='word_1_197' title='bbox 696 3653 760 3719; x_wconf 82' lang='lat'>(2):</span> <span class='ocrx_word' id='word_1_198' title='bbox 792 3652 929 3718; x_wconf 89' lang='lat' dir='ltr'>idearum</span> <span class='ocrx_word' id='word_1_199' title='bbox 957 3653 1098 3737; x_wconf 89' lang='lat' dir='ltr'>scilicet,</span> <span class='ocrx_word' id='word_1_200' title='bbox 1120 3655 1183 3721; x_wconf 91' lang='lat' dir='ltr'>imo</span> 
     </span>
     <span class='ocr_line' id='line_1_29' title="bbox 1132 3796 1183 3842; baseline -0.059 0"><span class='ocrx_word' id='word_1_201' title='bbox 1132 3796 1183 3842; x_wconf 85' lang='lat' dir='ltr'>ve-</span> 
     </span>
    </p>
   </div>
   <div class='ocr_carea' id='block_1_3' title="bbox 290 3984 1273 4089">
    <p class='ocr_par' dir='ltr' id='par_1_3' title="bbox 290 3984 1273 4089">
     <span class='ocr_line' id='line_1_30' title="bbox 290 3984 1273 4089; baseline -0.048 18"><span class='ocrx_word' id='word_1_202' title='bbox 290 4010 445 4086; x_wconf 48' lang='lat' dir='ltr'>msnff*</span> <span class='ocrx_word' id='word_1_203' title='bbox 458 4011 523 4068; x_wconf 54' lang='lat' dir='ltr'>vd·</span> <span class='ocrx_word' id='word_1_204' title='bbox 541 4014 581 4069; x_wconf 72' lang='grc' dir='ltr'>Η·</span> <span class='ocrx_word' id='word_1_205' title='bbox 600 4011 632 4068; x_wconf 73' lang='lat' dir='ltr'>P·</span> <span class='ocrx_word' id='word_1_206' title='bbox 650 4017 673 4069; x_wconf 81' lang='grc' dir='ltr'>Ῑ·</span> <span class='ocrx_word' id='word_1_207' title='bbox 690 4017 779 4084; x_wconf 75' lang='lat' dir='ltr'><strong>P&#39;‘3⁶·</strong></span> <span class='ocrx_word' id='word_1_208' title='bbox 809 4018 867 4089; x_wconf 68' lang='lat' dir='ltr'>¹(a)</span> <span class='ocrx_word' id='word_1_209' title='bbox 887 4016 1001 4072; x_wconf 73' lang='lat' dir='ltr'>Phaedr.</span> <span class='ocrx_word' id='word_1_210' title='bbox 1020 4018 1079 4072; x_wconf 70' lang='lat' dir='ltr'>aas.</span> <span class='ocrx_word' id='word_1_211' title='bbox 1099 3984 1192 4069; x_wconf 40' lang='lat' dir='ltr'>BaCi&#39;</span> <span class='ocrx_word' id='word_1_212' title='bbox 1267 4073 1273 4085; x_wconf 35' lang='grc' dir='ltr'>ι</span> 
     </span>
    </p>
   </div>
   <div class='ocr_carea' id='block_1_4' title="bbox 0 0 1454 5168">
    <p class='ocr_par' dir='ltr' id='par_1_4' title="bbox 0 0 1454 5168">
     <span class='ocr_line' id='line_1_31' title="bbox 0 0 1454 5168; baseline 0 0"><span class='ocrx_word' id='word_1_213' title='bbox 0 0 1454 5168; x_wconf 95' lang='lat' dir='ltr'> </span> 
     </span>
    </p>
   </div>
  </div>
 </body>
</html>
