2896 5168
614 448 658 465 ¹·-
679 430 805 478 ¹10-

251 588 399 657 Simmiae
422 591 456 657 iu
476 590 586 675 primis
613 608 648 657 ac
676 590 789 657 Ceberi
813 592 924 657 mirum
944 593 1078 675 accic'it,
1095 599 1182 660 mori

249 724 437 795 praestare,
462 731 557 796 quam
582 712 698 776 marre.
751 709 833 775 Nam
854 708 998 774 Simmiae
1015 708 1187 775 maudave-

252 839 321 905 rat,
343 841 378 891 ut
398 827 541 893 Eversum
562 829 663 890 valere
678 825 823 909 juberet,
840 844 897 903 ac,
916 824 944 889 si
960 842 1041 890 recte
1050 827 1081 891 is
1090 844 1187 909 agere

252 958 404 1025 cuperet,
425 963 460 1007 sc
479 943 583 1024 sequi.
639 942 702 1009 Hic
722 942 798 1021 irre,
822 944 913 1022 quale
936 942 966 1006 id
985 960 1058 1024 est,
1080 962 1101 1007 o
1125 943 1192 1009 So-

251 1074 372 1139 crates,
394 1060 481 1140 quod
500 1061 610 1126 liveuo
632 1058 784 1124 mandas?
826 1058 925 1140 Saepe
947 1058 1028 1122 enim
1049 1058 1080 1123 in
1098 1057 1192 1125 illum

250 1174 369 1255 incidi,
392 1191 423 1240 et
442 1193 593 1257 quantum
614 1175 653 1239 da
670 1193 708 1237 eo
725 1176 888 1257 cognovi,
905 1172 994 1238 uullo
1014 1174 1074 1239 tibi
1090 1177 1191 1241 modo

251 1292 365 1356 lubens
385 1290 519 1373 parebit.
561 1290 627 1357 Cui
650 1291 817 1371 Socrates,
839 1290 917 1372 quid
936 1310 1036 1370 reto,
1060 1292 1193 1374 inquit,

252 1425 359 1472 uouuc
376 1406 591 1490 philosophus
615 1406 746 1472 Evuus
767 1406 842 1472 est?
864 1442 911 1458 -
952 1408 1036 1473 Mihi
1062 1407 1192 1489 quidem

256 1543 327 1592 csse
345 1525 480 1590 videtur.
503 1561 549 1576 -
599 1523 697 1589 Volet
724 1522 820 1604 igitur
847 1541 878 1588 et
904 1525 1034 1590 Euenus
1061 1542 1093 1589 et
1120 1526 1196 1607 qui·

255 1660 380 1722 cunque
401 1655 484 1706 recte
503 1639 577 1705 huic
600 1641 644 1705 rei
665 1652 713 1704 est
741 1641 888 1707 deditusz
917 1660 1102 1724 quamquam
1125 1643 1193 1708 vim

254 1759 379 1840 quidem
396 1756 458 1823 sibi
475 1775 540 1821 non
561 1755 693 1822 inferet:
714 1758 875 1822 nonenim
894 1755 1021 1823 fasesse
1032 1760 1133 1841 ajunt.
1147 1758 1192 1826 (¹)

252 1877 402 1956 Sequitur
427 1875 478 1939 hic
503 1875 661 1956 praeclara
684 1872 716 1937 in
743 1878 935 1958 αὐτοχειρίαν
956 1874 1154 1956 disputatio,
1174 1894 1194 1941 c

252 1993 520 2075 Pythagoreorum
532 1989 624 2055 fonte
635 1989 750 2069 ducta,
768 2006 803 2054 ut
820 1990 921 2054 mirari
939 1988 1193 2070 subeat,'fuisce

253 2110 338 2192 apud
365 2109 517 2189 Veteres,
546 2106 654 2189 prouti
682 2108 720 2171 de
747 2107 871 2173 Catone
896 2107 1040 2173 Uticensi
1064 2123 1095 2171 ct
1116 2109 1196 2175 Cle·

254 2224 401 2290 ombroto
418 2222 620 2289 Ambraciota
640 2224 804 2288 memoriae
826 2224 985 2305 proditum
1008 2240 1082 2302 est,
1107 2225 1192 2307 qui,

252 2346 336 2409 lecto
364 2339 548 2417 Phaedone,
583 2338 738 2403 violentas
778 2337 840 2403 sibi
878 2359 988 2404 manus
1025 2338 1191 2407 inferrent.

255 2460 413 2539 Memorat
432 2459 577 2522 Socrates
600 2456 878 2521 celebratissimum
899 2458 1079 2523 decretum:
1100 2462 1139 2534 ὥς
1160 2462 1193 2528 ἔν

258 2606 316 2648 τινι
344 2586 457 2661 optumi
485 2580 575 2658 ἐσμὲν
603 2579 628 2643 οἱ
655 2577 816 2659 ἄνθρωποι,
844 2578 895 2643 καὶ
916 2581 949 2644 οὐ
969 2580 1016 2646 δεῖ
1032 2579 1066 2652 δὴ
1084 2579 1193 2645 ἑαυτὸν

253 2698 288 2764 ἔκ
308 2699 425 2772 ταύτης
445 2697 526 2762 λύειν
546 2698 606 2764 οὐδ’
623 2696 864 2776 ἀποδιδράσκειν·
900 2714 961 2757 esse
980 2713 1032 2756 nor
1055 2693 1194 2757 homines

252 2817 289 2878 in
308 2811 452 2880 custodia
471 2809 633 2896 quadam,
664 2831 718 2875 nec
737 2808 843 2875 decere
863 2829 1047 2894 quemquam
1069 2829 1110 2872 ex
1129 2808 1193 2873 hac

254 2935 383 3018 reipsum
413 2931 530 2994 soluere
557 2949 654 3013 neque
679 2927 845 3010 aufugere.
864 2921 906 2991 (2)
951 2926 1036 2997 Tum
1058 2926 1190 2991 alterum

254 3046 316 3110 hoc
348 3063 413 3110 uon
443 3045 547 3109 minus
577 3044 790 3127 praeclarum,
826 3047 861 3111 τδ
891 3046 970 3118 θεοὺς
1004 3041 1077 3112 εἶναι
1108 3049 1192 3125 ἡμῶν

260 3168 328 3238 τοὺς
349 3165 621 3243 ἐπιμελουμένους,
642 3163 693 3229 καὶ
714 3165 796 3243 ἡμᾶς
817 3165 884 3235 τοὺς
904 3163 1068 3243 ἀνθρώπους
1085 3157 1116 3230 ἓν
1132 3172 1193 3233 τῶν
1233 3238 1240 3249 ,

258 3284 420 3361 κτημάτων
441 3290 501 3354 τοῖς
524 3282 595 3353 θεοῖς
617 3277 704 3346 εἶναι·
735 3277 817 3341 Deos
837 3298 919 3356 estc,
941 3282 998 3362 qui
1018 3281 1119 3343 nostri
1134 3299 1189 3344 cu-

257 3415 329 3461 ram
359 3394 516 3474 habeant,
549 3416 601 3459 nos
631 3411 737 3458 aretem
757 3395 890 3457 homines
912 3416 1006 3457 unam
1029 3392 1190 3479 quandam

255 3534 271 3576 ι
290 3512 520 3600 possessionibus
543 3531 603 3576 esse
624 3511 777 3576 Deorum.
794 3507 834 3575 (3)
879 3510 984 3591 Ergo,
1007 3510 1069 3590 ait,
1091 3525 1188 3593 tune,
1244 3504 1248 3509 ’

256 3648 278 3693 o
307 3629 432 3703 Cebes,
465 3629 491 3690 si
523 3645 684 3690 servorum
719 3627 792 3706 quis
823 3643 947 3691 tuorum
978 3643 1035 3691 tuo
1066 3629 1188 3711 injussu

257 3760 353 3809 semet
382 3745 486 3825 ipsum
515 3740 745 3822 interfecisset,
774 3744 937 3825 probares,
958 3759 1038 3821 trec,
1061 3743 1088 3805 si
1110 3761 1189 3824 pos·

1110 3878 1160 3923 ses
1174 3906 1186 3939 ,

292 4007 333 4077 (ι)
352 4006 501 4065 Phaedone
511 4009 554 4061 δι.
567 4007 600 4058 C·
637 4008 677 4076 (a)
698 4005 767 4060 tou.
780 4007 799 4057 i.
810 4007 853 4061 62.
868 4007 897 4073 u,
932 4008 973 4077 (3)
993 4006 1063 4061 Eud.
1074 4005 1095 4061 1.
