2896 5168
774 382 970 463 -1?⁶··

385 558 471 640 quod
486 559 644 635 Socratem
664 558 806 638 antiqui,
829 557 935 639 ipsunt
953 558 1094 623 Platonis
1116 550 1315 643 magistmmj

386 675 481 758 hujus
504 674 605 742 fuisse
624 672 754 740 rationis
777 688 935 738 auctorem
953 672 1129 739 dixerunt?
1148 676 1246 759 Quod
1258 676 1317 741 Ci-

383 808 456 855 cero
468 808 613 858 testatur.
639 792 723 855 Haec
732 793 767 852 in
772 793 965 877 philosophia
977 794 1074 867 ratio,
1086 806 1198 855 contra
1208 795 1314 856 omnia

381 908 552 974 disserendi
563 908 743 992 nullamque
754 926 820 970 rant
839 923 949 995 aperte
963 906 1182 989 dijudicandi,
1193 908 1315 996 prosec-

381 1039 417 1087 ta
440 1024 631 1098 esacrae,
655 1026 789 1107 repetita
820 1024 860 1089 ab
890 1024 1053 1104 Arcesila,
1075 1022 1262 1109 confirmata
1290 1044 1313 1091 a

382 1136 565 1216 Carneade,
587 1138 633 1202 ad
654 1155 792 1205 nostram
814 1145 917 1226 riguit
937 1156 1093 1206 aetatem:
1113 1164 1208 1227 quant
1232 1163 1314 1207 nunc

373 1250 590 1338 propemodum
618 1255 725 1320 orbarn
750 1275 811 1319 esse
836 1259 871 1317 in
891 1254 963 1337 ipsd
989 1256 1133 1321 Graecid
1149 1262 1314 1344 intelligo:

379 1362 463 1453 qnod
488 1390 547 1433 non
569 1366 756 1431 Academiae
784 1370 882 1441 nitio,
903 1364 958 1431 sed
972 1364 1130 1433 tarditate
1151 1374 1309 1437 hominurn

377 1482 521 1544 arbitror
547 1483 710 1561 contigisse
733 1481 789 1541 (Ι).
846 1472 875 1544 E
907 1486 970 1562 qui
989 1482 1153 1547 Ciceronis
1183 1499 1310 1550 senten·

375 1594 441 1673 tit,
465 1610 583 1674 quanto
620 1595 688 1677 ipse
717 1598 788 1661 loco
819 1598 898 1663 hanc
941 1597 1182 1681 philosophandi
1214 1600 1307 1665 ratio·

373 1729 443 1777 nem
467 1710 633 1792 habuerit,
656 1713 819 1780 efficimus.
864 1715 908 1780 Et
925 1734 1000 1781 sane
1018 1716 1197 1800 principum
1218 1737 1308 1801 scep-

373 1830 534 1910 ticorum‚
556 1830 612 1911 qui
639 1848 704 1895 non
735 1831 940 1910 dubitarunt,
964 1848 999 1897 ut
1033 1833 1172 1915 caeteri,
1194 1834 1233 1898 de
1260 1852 1308 1900 re·

374 1948 435 2014 bus
455 1947 625 2027 omnibus,
646 1948 704 2014 sed
732 1950 803 2033 jure
822 1956 883 2020 oiri
910 1959 962 2019 cci
981 1954 1163 2019 σκέπτεσθαι
1191 1969 1307 2019 nomen

373 2065 550 2133 habuerunt
581 2066 684 2146 deque
707 2067 910 2150 philosophici
933 2069 1120 2133 excellenter
1147 2084 1223 2133 sunt
1244 2087 1308 2135 nte·

373 2183 449 2265 riti,
473 2186 585 2250 horum
616 2183 711 2267 igitur
741 2185 979 2262 disquisitiones
1008 2185 1170 2266 primariae
1189 2204 1229 2250 ex
1249 2187 1304 2251 hac

375 2303 577 2385 potissimum
618 2303 874 2369 Academicorum
923 2304 1043 2367 ratione
1087 2317 1118 2367 et
1165 2304 1306 2371 doctrina

374 2419 534 2486 fluxerunt
561 2420 618 2485 to),
663 2420 749 2504 Quid
781 2420 903 2503 igitur?
934 2421 1039 2485 illisne
1075 2440 1135 2485 nos
1161 2423 1306 2504 philoso-

374 2538 448 2621 phis
480 2537 744 2601 unntnnerandum
779 2552 848 2600 esse
887 2536 1047 2601 Platonem
1077 2538 1306 2607 censebimus?

372 2653 530 2733 Equidem
557 2669 622 2715 non
647 2650 832 2715 existimem.

415 2768 498 2833 Nam
523 2769 646 2849 elegans
683 2766 757 2830 hooc
790 2765 913 2845 quidem
939 2780 992 2831 est
1018 2782 1049 2831 et
1075 2768 1195 2833 homini
1223 2769 1304 2836 libe·

370 2885 475 2951 taliter
500 2882 646 2949 instituto
676 2880 972 2949 convenientissima
992 2885 1236 2967 philosophandi
1257 2909 1305 2957 ra-

372 3005 433 3071 tio,
477 3002 704 3085 Philosophiam
729 2998 996 3083 nosadjarernas,
1017 3002 1059 3067 ait
1076 3003 1214 3087 Cicer0,
1236 3028 1313 3075 nors

374 3145 435 3212 qtre
460 3125 538 3212 ipsos
568 3118 722 3206 redargui
755 3119 919 3207 refellique
951 3125 1138 3206 patiamur:
1171 3124 1255 3210 qaod
1277 3129 1305 3193 il

248 3328 255 3343 1
361 3244 483 3324 serant
507 3243 610 3329 anieno
643 3240 772 3321 iniquo,
799 3242 856 3323 qai
878 3243 971 3304 certis
999 3237 1182 3322 quibasdam
1209 3243 1305 3311 desti·

371 3362 516 3442 natisque
536 3357 693 3420 sententiis
720 3359 813 3441 quasi
834 3353 954 3420 addicti
972 3369 1003 3419 et
1022 3360 1195 3422 consecrati
1207 3375 1300 3443 sant,

364 3475 472 3556 ,edqae
495 3472 673 3534 necessitate
699 3474 860 3538 constricti
883 3486 919 3534 at
936 3474 1031 3537 etiam
1053 3494 1134 3560 quae
1154 3492 1214 3539 non
1225 3496 1303 3565 pro·

370 3588 448 3655 bare
475 3585 612 3668 soleant,
641 3601 861 3672 satagantur
887 3591 1081 3654 constantiae
1111 3612 1223 3657 caussa
1248 3592 1303 3669 de,-

1226 3709 1302 3794 fera,

406 3864 448 3932 (ι)
459 3859 504 3912 De
514 3861 584 3917 Not.
595 3860 681 3912 Deor.
692 3859 716 3913 t.
726 3859 752 3911 6.
766 3860 806 3928 (2)
821 3858 857 3913 V.
867 3862 1128 3927 praenuntiatum
1136 3864 1171 3917 de
1181 3864 1300 3931 hisopne

372 3955 511 4014 scientim
525 3955 687 4009 Gesclsiclste
699 3959 757 4009 und
771 3960 903 4012 &sardes
916 3962 1124 4030 &aprici-smus.
1137 3964 1299 4036 Lipserppds
