2896 5168
540 455 712 550 --6ς.--Ι

85 694 91 702 ·
162 657 309 724 etmimae't
338 659 480 736 powele
509 654 609 735 splen
638 655 710 723 tirso
737 656 894 722 πολιτικῶν
917 651 1011 733 alam
1029 654 1087 721 cdo

162 773 316 852 missu:
353 788 392 833 ne
424 786 533 832 notam
564 765 746 832 inducamus
777 769 912 831 musicae
936 766 1085 852 speciem,

160 882 358 964 carendum,
390 886 501 972 qnippe
530 887 670 950 uertitur
694 887 728 947 in
756 904 789 948 eo
817 902 924 947 rernm
945 899 1086 947 summa:

162 1020 315 1086 nusquam
347 1005 426 1063 enim
444 1003 578 1065 musicae
597 999 679 1066 modi
699 1015 889 1080 motantur,
919 1002 995 1085 puio
1018 1018 1085 1063 mu·

163 1131 272 1183 tantur
293 1116 389 1182 simui
406 1118 484 1202 leges
504 1119 645 1184 civitatis
663 1119 876 1202 grauitsimao.
903 1114 945 1185 (Ι)
990 1112 1087 1200 Quod

163 1232 309 1316 placitum
346 1215 508 1314 Platonis,
548 1247 661 1317 utpote
693 1252 711 1299 a
748 1233 889 1300 moribus
915 1230 1031 1299 nostris
1056 1242 1087 1296 et

163 1349 299 1433 politicis
336 1349 488 1417 institutis
527 1350 658 1415 alienum
692 1349 782 1431 plane
821 1362 852 1413 et
890 1345 1086 1427 abhorrens,

162 1469 331 1532 multorum
362 1479 393 1529 et
421 1480 554 1531 mentem
584 1463 715 1529 aduertit
741 1463 913 1528 recentiore
933 1476 1031 1528 aetate
1055 1472 1088 1526 et

161 1602 237 1648 vero
260 1581 398 1644 studium
419 1578 566 1643 excitavit
589 1579 807 1656 vehementer,
830 1590 863 1641 nt
885 1574 1088 1657 probabiliter

162 1697 195 1760 id
216 1716 253 1761 ex
272 1693 464 1775 antiquitatis
486 1691 604 1756 ratione
624 1690 822 1772 explicarent.
867 1689 970 1755 Nobis
989 1689 1089 1773 expli·

162 1811 224 1876 cnri
245 1809 323 1891 idem
344 1806 492 1891 placitum
514 1804 659 1872 facillime
679 1824 772 1889 posse
794 1805 939 1888 videtur,
968 1805 996 1871 si
1019 1805 1089 1887 qul·

161 1925 230 1990 dem
264 1925 366 2007 ipsum
391 1924 420 1990 ei
441 1925 598 1990 Platonem
623 1923 819 2003 interpretem
843 1922 1086 1990 adhibuerimus.

160 2041 242 2106 Nam
276 2045 410 2106 musicae
442 2040 566 2105 nomine
588 2040 729 2106 Socrates
748 2041 831 2124 apud
851 2040 938 2107 illum
966 2057 1087 2107 omnem

158 2157 378 2241 complectitur
407 2157 543 2240 poisin:
577 2156 688 2239 poisin
709 2171 811 2222 autem
833 2158 940 2223 adres
965 2175 1087 2239 sacras,

159 2273 198 2339 ad
228 2275 385 2357 hymnos,
420 2272 537 2354 quibos
570 2271 624 2340 Dii
653 2271 866 2354 celebrantur,
898 2272 936 2339 ad
966 2272 1087 2339 fabulas

159 2389 327 2472 antiquas,
348 2408 427 2470 quae
451 2389 575 2472 hymnis
596 2388 786 2470 caeterisque
804 2388 992 2456 carminibus
1012 2405 1089 2455 con·

158 2505 319 2586 tinemut,
352 2525 545 2589 quarumque
578 2504 628 2570 vis
661 2523 769 2588 magna
798 2519 846 2571 est
874 2523 944 2570 cum
972 2505 1011 2570 ad
1036 2522 1089 2570 ex·

157 2624 322 2689 colendum
350 2635 416 2688 tum
448 2623 537 2688 etiam
566 2622 604 2687 ad
632 2622 890 2705 corrumpendum
918 2640 1087 2704 puerorum

157 2739 312 2806 animumn
352 2738 391 2802 ad
427 2738 500 2802 haec
542 2735 660 2822 igitur,
703 2757 782 2820 qnae
813 2752 926 2804 tantam
958 2739 1020 2804 vim
1054 2738 1087 2804 in

158 2869 321 2936 utramque
345 2869 462 2935 partem
484 2854 522 2919 ad
543 2871 644 2918 mores
664 2851 844 2920 formandos
871 2853 1008 2934 habent,
1038 2873 1087 2921 re·

156 2967 218 3034 fert
242 2968 394 3047 maxime„
426 2967 551 3053 Quodsi
573 2967 714 3033 moribus
741 2969 855 3048 unice,
885 2972 925 3037 de
947 2971 1086 3057 ejusdcm

155 3085 329 3163 sententis,
365 3098 426 3150 stat
456 3082 593 3166 civitas,
623 3101 772 3166 quantum
806 3086 924 3154 edicere
951 3089 990 3155 ad
1018 3106 1084 3157 eant

153 3200 409 3266 commovendam
449 3202 705 3283 evertmdamqnc
738 3201 952 3288 hujuscemodi
991 3205 1088 3273 mosi·

153 3336 209 3384 cae
240 3316 405 3400 corruptio
442 3317 574 3399 debeat,
608 3316 808 3402 intelligimus
842 3337 968 3405 sponte.
1023 3321 1087 3391 Sed

157 3432 260 3518 ipsum
283 3431 442 3523 audiamus
464 3434 634 3500 Socratem.

198 3549 307 3616 Indole
337 3547 433 3630 igitur
464 3550 619 3618 verissimi
642 3554 781 3619 custodis
802 3553 958 3639 descripti
976 3552 1087 3622 delini·

153 3668 271 3748 tique,
292 3663 363 3730 talis
384 3664 500 3745 igitur,
521 3668 587 3748 ait,
608 3683 717 3735 custos
740 3668 834 3736 nobis
854 3687 935 3737 esto.
980 3670 1083 3756 Quem

153 3801 229 3850 ven
259 3780 294 3847 in
324 3781 450 3847 modurn
480 3784 631 3851 educandi
650 3785 696 3853 illi
717 3801 856 3855 montet
875 3787 1084 3859 imtitoeanit

994 3902 1084 3994 nau

187 4022 683 4118 mmwmmo'

602 4145 632 4213 Ε
