2896 5168
618 490 809 554 ..249..

249 669 352 740 sponte
366 673 424 719 seta
438 651 701 740 progrediuntur.
736 654 959 737 Investigatur
976 670 1079 719 autem
1096 653 1183 737 apud

248 775 434 859 semetipsos
457 770 521 836 Det'
545 773 594 835 sui
618 787 793 851 naturate,
817 772 979 837 inveniunt
995 791 1082 850 eam,
1103 769 1186 853 qood

249 895 440 958 continenter
456 889 558 956 Decem
577 889 733 977 adspicere
754 892 855 956 coacti
864 890 1013 972 fuerint;
1056 910 1184 974 eumque
1271 893 1275 899 '

250 1007 402 1073 memorid
424 1005 726 1094 comprehendentes,
770 1008 921 1074 divinitus
953 1005 1056 1091 afflati
1088 1028 1127 1072 ee
1152 1028 1185 1072 eu

250 1125 422 1210 suscipiunt
440 1139 588 1189 morerer
609 1122 737 1205 studia,
759 1122 865 1209 quoad
886 1123 1006 1209 quidem
1028 1123 1091 1188 Dei
1109 1141 1187 1211 par·
1220 1176 1223 1183 .

249 1243 338 1325 ticipr'
358 1261 418 1306 esse
439 1242 555 1306 homini
575 1241 661 1307 licet.
685 1238 727 1308 (ι)
800 1241 886 1307 Haec
917 1240 1001 1322 apud
1026 1241 1184 1305 Platonem

251 1357 365 1422 amoris
384 1357 545 1440 disciplina
560 1372 631 1439 est,
648 1360 819 1440 eodemque
837 1357 958 1422 tramite
980 1357 1082 1423 omnis
1101 1357 1185 1438 apud

250 1491 321 1539 eum
344 1474 542 1558 philosophia
563 1476 719 1558 procedit.
771 1475 853 1540 Nam
882 1475 950 1540 sive
981 1494 1040 1539 nos
1068 1474 1120 1538 illa
1148 1476 1187 1539 ad

178 1623 181 1628 ·
252 1592 421 1673 pulcrum,
445 1591 513 1657 sive
531 1593 571 1658 ad
591 1611 722 1672 verum,
746 1591 813 1655 sive
833 1592 871 1656 ad
887 1593 1033 1674 justum,
1049 1590 1118 1655 sive
1135 1591 1188 1654 de·

249 1704 347 1786 nique
376 1708 414 1772 ad
441 1721 582 1772 sanctum
614 1707 818 1790 divinumque
846 1707 952 1784 ducit,
987 1706 1060 1771 illuc
1087 1707 1188 1773 tendit

250 1837 451 1904 constanter,
475 1838 510 1888 ut
530 1840 613 1904 nos,
636 1825 739 1904 quoad
767 1825 835 1908 ejus
865 1822 933 1888 fieri
965 1839 1092 1907 potest,
1114 1823 1185 1887 Deo

252 1938 371 2005 similes
393 1939 516 2006 efficiat.
560 1941 711 2007 Divinum
740 1941 821 2005 enim
848 1941 880 2006 id
905 1959 997 2007 omne
1018 1955 1078 2005 est.
1140 1948 1186 2012 Τὸ
1216 1964 1219 1969 ·

250 2060 313 2140 γὰρ
332 2061 424 2136 θεῖοι,
447 2057 480 2121 iu
501 2057 645 2124 Phaedro
665 2058 774 2123 statuit
785 2058 950 2135 Socrates,
975 2063 1082 2133 καλὸν,
1104 2062 1189 2137 eye·

250 2176 296 2244 tio
323 2175 374 2243 eei
401 2181 463 2245 ario
491 2176 511 2244 d
519 2223 530 2255 ,
549 2204 579 2245 rt
601 2183 725 2245 τοιοῦτο·
739 2175 779 2241 (²)
802 2192 838 2238 ac
859 2173 997 2239 Diutime
1016 2175 1048 2238 in
1066 2174 1190 2259 Sympo-

188 2361 190 2367 ,
250 2293 314 2370 sio,
337 2304 372 2357 ut
400 2293 439 2357 ad
467 2294 609 2373 pulcrum
641 2293 747 2358 eduxit
777 2293 958 2371 Socratem,
981 2295 1108 2361 ἐνταῦθα
1133 2299 1186 2360 τοῦ

252 2409 344 2489 βίον,
364 2407 431 2487 ait,
453 2409 474 2478 ὦ
501 2414 575 2492 Φίλε
599 2414 771 2492 Σώκρατες,
796 2412 877 2493 εἵπέρ
900 2435 956 2479 arou
975 2411 1094 2485 ἄλλοθι.
1116 2413 1189 2491 βιιι·

251 2530 301 2595 τὸν
320 2527 477 2610 ἀνθρώπῳ,
497 2528 627 2609 θεωμένῳ
644 2531 718 2596 αὐτὸ
733 2531 767 2594 τὸ
787 2529 892 2594 ιιιιλὸι.
905 2522 944 2591 (³)

296 2637 360 2704 Sed
379 2642 509 2724 ὁμοιώσει
527 2643 580 2722 dep
599 2644 683 2710 ιιιιτιὶ
703 2645 737 2708 τὸ
757 2644 878 2710 iuverit
903 2641 979 2721 quid
1000 2640 1186 2723 spectaverit

251 2756 360 2832 Plato,
391 2769 425 2818 ut
447 2772 486 2818 ex
510 2753 595 2818 omni
615 2754 847 2845 ejusdoctrinli
871 2771 974 2837 patet,
1007 2758 1049 2820 ita
1069 2755 1190 2837 perspi·
1270 2746 1272 2751 ’

252 2885 322 2933 cere
342 2869 438 2932 nobis
460 2869 589 2933 maxime
608 2889 645 2933 ex
668 2873 744 2954 ejus,
759 2871 882 2936 Timaeo
898 2874 983 2937 licet.
1040 2874 1188 2955 Spectan-

251 2986 326 3049 dum
354 2984 449 3050 nobis
470 2985 502 3049 in
531 3005 569 3052 eo
598 2987 702 3067 dedit,
727 2989 985 3068 quemadmodum
1012 2990 1049 3054 ad
1069 2986 1190 3071 perfec·

254 3116 319 3166 tum
348 3104 520 3184 exemplum
552 3105 638 3170 Deus
672 3105 821 3168 mundum
851 3104 1092 3188 informaverit3
1134 3105 1210 3171 sed'

253 3217 456 3283 inhominem
486 3219 639 3298 maxime,
663 3237 817 3301 tamquam
840 3222 974 3286 divinam
1006 3219 1187 3305 quamdam,

254 3354 318 3404 non
338 3351 509 3401 terrestrem
533 3338 687 3418 plantam,
710 3350 843 3402 mentem
864 3355 999 3402 nostram
1021 3338 1191 3404 convertit.

253 3454 409 3521 Praeclara
439 3454 501 3517 illic
531 3452 669 3517 hominis
698 3453 869 3536 descriptio
896 3469 1017 3520 exstat:
1064 3475 1124 3536 qua
1151 3454 1190 3519 ad

254 3569 345 3635 finem
373 3570 524 3651 perducti
545 3567 630 3651 fere,
653 3571 714 3635 hoc
741 3570 885 3635 additur:
935 3577 969 3641 ri
1001 3577 1030 3641 ii
1059 3575 1093 3649 li
1125 3574 1191 3654 περὶ

254 3692 309 3755 τοῦ
333 3692 511 3769 κυριωτάτου
533 3687 686 3771 ιιιιρίἱμῖι
713 3697 819 3771 ψυχῆς
845 3691 936 3765 εἴδους
957 3692 1128 3759 &ceresiolae
1146 3694 1194 3758 δεῖ

1140 3818 1194 3889 τῇ·

290 3972 332 4038 (ι)
350 3972 583 4028 Piretensium
651 3971 693 4043 (a)
712 3974 834 4039 Praete,
850 3973 898 4029 246
917 3971 954 4025 D.
1032 3974 1072 4042 (5)
1095 3976 1190 4042 decep.

256 4081 302 4119 att
319 4067 350 4121 C.
366 4069 402 4122 D.
