2896 5168
629 489 678 514 .-
698 461 834 545 153oe

236 639 338 735 'onii¹
354 639 493 722 interni,
509 657 592 725 *qun
615 639 714 707 bomo
741 644 849 710 'secum
881 641 952 729 ipso
979 645 1067 735 agit,
1101 640 1197 720 emm]

256 757 367 841 tium,
394 758 526 842 scriptio
560 770 688 840 antem,
716 757 812 846 hujus
844 758 963 830 efflavit
992 761 1095 852 imago
1115 766 1194 838 (tir

255 876 341 942 unde
378 889 494 960 sponte
531 873 701 956 efficimus,
735 877 861 944 nomina
894 893 929 945 et
958 881 1054 948 verba
1083 880 1187 967 ipsius

254 988 368 1056 mentis
396 986 664 1073 cogitationisque
693 988 792 1055 veluti
820 1009 967 1076 expressa
988 1014 1066 1063 csse
1090 997 1189 1064 simu.

255 1107 357 1211 lacta,
379 1123 419 1172 ex
439 1104 542 1186 iisque
560 1103 655 1170 nobis
676 1103 960 1188 licere,notiones
987 1111 1101 1179 mentis
1127 1114 1190 1180 hu·
1229 1176 1236 1188 ,

254 1241 363 1290 manae
387 1221 555 1307 proprios,
591 1238 670 1304 quae
698 1223 792 1290 unice
823 1239 914 1292 verae
941 1243 1032 1309 sunt,
1066 1225 1191 1314 quippe

254 1353 393 1406 naturam
421 1335 615 1417 referentes,
646 1338 809 1420 explorare
840 1356 872 1408 et
892 1362 1095 1426 cognoscere.
1139 1346 1187 1413 Et

252 1474 329 1524 vero
348 1456 461 1536 Plato,
484 1451 540 1518 ubi
557 1453 608 1519 vel
632 1451 791 1520 Socratem
813 1458 864 1523 vel
884 1459 978 1524 alium
1002 1480 1186 1543 quemcumae

253 1591 319 1658 que
345 1571 458 1667 placita
483 1588 541 1636 sua
569 1567 803 1635 enuntiantem·
823 1571 965 1656 inducit,
1000 1577 1088 1644 nulli
1116 1594 1183 1645 non

254 1686 492 1774 opportunitate
509 1684 633 1750 eosdem
657 1684 846 1767 eloquendi
866 1692 1094 1759 consuetudine
1115 1711 1190 1760 sene

254 1805 382 1872 tentiam
410 1821 497 1868 sunm
517 1801 700 1885 probantem
720 1799 809 1867 fecit.
852 1801 955 1868 Abest
977 1822 1080 1871 nutent
1105 1808 1188 1872 mul·

255 1938 343 2002 turn,
363 1936 400 1987 ut
418 1921 494 1987 haec
513 1919 555 1986 sit
585 1918 685 2000 ratio,
712 1921 776 2001 qut
806 1919 993 1986 tractandam
1021 1938 1093 1989 esse
1117 1918 1185 1989 veti
1250 1949 1254 1970 =

255 2037 424 2106 doctrinam
454 2032 693 2104 existimaverit:
724 2052 789 2100 non
820 2035 897 2117 quin
926 2036 1108 2104 convenerit
1134 2037 1185 2121 ipa

254 2157 320 2224 sius
341 2150 577 2238 philosophiae:
609 2149 786 2234 quae‘ipse
812 2150 947 2217 subinde
967 2154 1060 2218 verba
1090 2155 1187 2222 esud

253 2275 361 2359 lingua
380 2267 546 2344 excitavit,
573 2279 610 2363 ,tit
632 2265 815 2346 ascribam,
837 2285 1003 2346 tannaco,
1025 2269 1188 2333 carmina·

253 2414 314 2473 rc,
342 2385 479 2466 similia,
503 2383 548 2445 (α)
579 2380 735 2462 vidimus,
766 2401 859 2464 quam
891 2397 963 2466 apte
993 2383 1043 2449 illa
1081 2385 1185 2475 ipsius¹

252 2484 451 2584 dialecticae,
485 2518 579 2600 quate⁸
595 2497 793 2566 discernendo
823 2498 855 2564 in
882 2497 992 2583 primis
1021 2500 1185 2583 procedit,

251 2622 462 2701 conveniant3
504 2631 536 2683 et
567 2635 641 2683 sane
670 2633 729 2682 nos
760 2615 806 2682 in.
827 2617 876 2683 his
905 2616 1184 2701 disquisitionibus

252 2738 399 2809 omnibus
423 2736 462 2802 de
491 2726 694 2818 philosophia
719 2733 900 2814 Platonici,
934 2732 1088 2816 explicare
1114 2752 1182 2802 eam

236 2857 350 2926 ,ferme
375 2867 472 2920 totam
505 2868 523 2916 e
552 2867 691 2916 veterum
729 2849 1004 2935 recentiorumque
1032 2846 1185 2934 loquendi
1298 2884 1303 2893 ·
1408 2856 1412 2863 '

251 2969 503 3045 consuetudine,
532 2983 551 3030 e
578 2964 708 3046 proprii
734 2966 902 3030 verborum
931 2966 1184 3048 significatione,

251 3104 317 3152 non
348 3084 415 3148 sinc
447 3079 575 3159 fructu,
603 3091 640 3141 ut
671 3077 765 3143 nobis
795 3077 959 3158 videmur,
990 3080 1182 3147 studuimus.

252 3203 315 3270 Sed
334 3199 462 3266 suerum
492 3193 630 3262 Platonis
650 3206 771 3274 aetate,
803 3193 857 3276 qui
884 3209 1030 3275 perverse
1055 3193 1087 3257 id
1110 3211 1184 3277 age·

253 3333 344 3400 rent,
367 3315 529 3399 sophistae
556 3312 590 3377 in
618 3309 726 3394 primis
754 3327 836 3392 quos
865 3307 999 3374 diximus
1029 3322 1062 3374 et
1083 3308 1184 3375 Hera-

233 3410 336 3503 ¹clitei
366 3428 559 3516 philosophi.
607 3426 651 3493 Hl
681 3426 762 3493 miro
796 3424 960 3506 acumine,
993 3425 1049 3492 sed
1069 3425 1184 3513 ,inepte

251 3551 328 3617 haee
347 3546 451 3614 studia
471 3557 718 3628 persequentes,
740 3557 806 3607 non
832 3558 852 3607 e
872 3539 976 3607 verbis
995 3556 1027 3607 et
1048 3543 1182 3609 nomini·

249 3669 313 3734 bus
330 3666 444 3732 ducere
463 3659 582 3727 nativas
609 3658 721 3726 mentis
748 3658 900 3724 humanae
925 3658 1095 3741 notiones,
1126 3660 1182 3725 sed

1147 3773 1181 3840 in
1235 3862 1238 3867 Ι

285 3925 327 4001 (ι)
347 3923 573 3996 eno-mapsa,
584 3919 701 3975 ctvoi.
714 3921 754 3974 11.
771 3917 803 3972 Ρ.
817 3920 840 3974 Ι.
857 3919 1043 3992 μυὸεῑιύ.
1054 3925 1083 3971 et
1099 3916 1123 3970 Ρ
1139 3918 1181 3975 11.

249 4043 349 4101 μοι,
381 4025 423 4096 (a)
445 4023 569 4097 sopitat.
585 4021 635 4077 aad
652 4027 680 4074 ei
695 4037 758 4091 ²²7·
776 4019 828 4077 Ch.
840 4018 905 4074 tot
923 4018 966 4073 11.
984 4016 1057 4073 lidi·
1074 4035 1104 4089 p.
1119 4034 1177 4079 rac.

703 4116 737 4186 N
