2896 5168
622 493 792 556 ..75..

246 660 372 744 cognati
412 677 539 734 omnes,
575 655 716 737 plerique
746 654 953 735 generabitis,
988 657 1042 735 qui
1080 655 1171 719 vobis

250 775 314 841 sint
328 775 465 854 similes;
488 771 607 837 eveniet
623 784 723 836 autem
743 772 949 853 quandoque,
974 787 1007 836 ut
1025 789 1063 836 ex
1080 772 1183 836 aureo'

249 905 393 955 nascatur
413 902 576 972 argenteus
598 902 685 952 etex
715 904 859 968 argenteo
881 888 1022 953 similiter
1042 872 1152 953 aureus
1164 922 1182 968 ‚·

249 1022 430 1086 caeteraque
460 1005 572 1087 pariter
603 1005 634 1069 in
666 1005 747 1068 hunc
776 1005 915 1070 modum.
966 1004 1173 1089 Quamobrem

252 1121 447 1206 principibus
479 1135 510 1186 et
541 1119 673 1203 primurn
697 1135 729 1184 et
749 1120 878 1185 maxime
900 1121 987 1186 Deus
1009 1121 1178 1203 praecipit,

255 1252 291 1303 ut
318 1238 435 1303 nullius
463 1236 508 1302 rei
528 1237 672 1320 majorem
699 1255 802 1300 curam
826 1237 1060 1319 custodiamque
1082 1240 1180 1302 susci·

255 1355 366 1438 piant,
402 1373 492 1436 quarn
523 1367 686 1432 natorum,
725 1366 761 1416 ut
792 1353 1000 1436 dignoscant,
1035 1354 1111 1434 quid
1145 1373 1182 1419 ex

258 1487 393 1551 quatuor
421 1468 471 1533 lris
500 1469 624 1533 illorum
654 1467 761 1533 animis
789 1468 829 1533 sit
862 1467 1056 1534 immixtum:
1094 1487 1124 1535 et
1155 1473 1187 1536 si

258 1586 331 1668 quis
362 1604 399 1649 ex
430 1585 509 1666 ipsis
538 1598 681 1648 nascatur
711 1587 884 1668 ὑπόχαλκος
912 1583 963 1649 vel
990 1590 1184 1670 ὑποσίδηρος,

260 1702 348 1765 nullo
369 1717 461 1782 pacto
482 1700 705 1777 misereantur,
727 1701 783 1761 sed
804 1718 894 1767 suum
915 1701 1030 1781 cuique
1048 1701 1187 1765 tribuen-

259 1831 331 1896 tes,
353 1818 391 1881 ad
412 1814 540 1896 opifices
560 1817 607 1878 vel
632 1813 780 1896 agricolas
799 1815 972 1880 dimittant:
995 1832 1184 1897 rursusque,

260 1932 288 1998 si
316 1952 355 1998 ex
383 1931 471 1996 hisce
500 1946 641 1995 nascatur
660 1931 773 2011 aliquis
795 1934 959 2016 ὑπόχρυσος
981 1932 1031 1997 vel
1052 1935 1187 2017 upuppa-

260 2076 330 2136 ρος,
359 2049 507 2113 extollant
537 2065 605 2111 eunt
635 2047 777 2126 honore,
809 2048 893 2112 hunc
924 2049 961 2112 ad
986 2048 1186 2129 auxiliarios,

261 2167 349 2233 illurn
380 2165 419 2229 ad
448 2163 593 2229 custodes
627 2178 657 2226 et
686 2161 842 2244 principes
872 2158 1061 2243 referentes,
1099 2165 1188 2245 quasi

263 2299 354 2348 vetus
383 2282 425 2345 sit
455 2280 634 2357 oraculum,
671 2281 739 2348 τότε
775 2282 829 2355 τὴν
855 2281 941 2349 πόλιν
972 2283 1185 2364 δοοοφθοοοῆοοοο,

263 2400 335 2471 ὅταν
355 2403 447 2476 αὐτὴν
468 2401 481 2464 l
509 2400 620 2478 σίδηρος
641 2399 658 2474 ἦ
679 2399 693 2464 l
713 2400 832 2477 χαλκὸς
852 2399 992 2478 monadia·
1021 2410 1086 2460 tum
1107 2416 1187 2459 rem·

261 2515 416 2604 publicam
433 2515 632 2601 perituram,
653 2531 721 2575 cum
738 2516 836 2595 ipsam
855 2512 906 2575 νοΙ
924 2528 975 2575 aer
995 2512 1046 2575 uel
1055 2510 1185 2594 ferrum

262 2631 490 2720 gubernabit.”
513 2625 553 2695 (¹)

308 2749 434 2831 Eligere
461 2747 555 2829 igitur
576 2766 592 2810 e
613 2744 796 2809 custodibus
821 2761 855 2805 ac
878 2742 1006 2807 summis
1029 2760 1137 2807 ornare
1159 2746 1191 2807 in
1224 2767 1225 2770 ¹

268 2864 427 2947 republica
450 2862 623 2927 honoribus
642 2861 751 2940 decet,
774 2858 957 2940 quinarum
981 2859 1094 2923 habent
1111 2878 1193 2927 recte

269 2984 336 3065 ejus
357 2981 510 3063 regundae
530 2978 724 3043 facultatem:
756 2974 788 3039 lri
809 2991 908 3041 autem
940 2993 1004 3056 quo
1026 2976 1123 3057 nugis
1147 2978 1194 3040 in·

270 3097 342 3162 dole
360 3096 546 3179 ingenioque
565 3105 739 3175 praestant,
763 3109 800 3155 eo
822 3090 917 3173 magis
944 3107 976 3156 et
1000 3092 1117 3158 musice
1142 3112 1193 3158 ex·

271 3213 394 3279 colendi
423 3227 454 3277 et
484 3230 559 3276 vero
594 3208 789 3292 gravioribus
825 3209 998 3292 disciplinis
1035 3210 1194 3275 erudiendi

271 3321 358 3396 sunt.
403 3329 482 3394 Nam
510 3307 823 3408 mediocrin‘iugenia
853 3343 910 3390 nec
932 3326 1050 3391 obsunt
1071 3345 1197 3409 magno·

274 3465 346 3530 pere
375 3463 432 3509 nec
463 3460 594 3526 prosunt
623 3442 824 3509 civitatibus:
864 3460 970 3525 magna
997 3445 1099 3509 solum
1136 3460 1195 3509 tam

275 3565 494 3648 perducens,
516 3580 607 3642 quam
637 3578 759 3626 servare
777 3575 808 3625 et
830 3559 983 3625 illustrare
1002 3563 1116 3625 solent.
1160 3562 1195 3628 Id

274 3695 376 3747 autem
409 3678 574 3761 negligitur
605 3674 670 3741 fere
691 3677 724 3741 in
746 3677 923 3743 civitatibus
943 3678 1079 3759 nostris,
1113 3679 1199 3745 inde·

277 3816 339 3880 que
368 3796 549 3878 repetendae
574 3793 769 3875 potissimum
797 3811 869 3859 sunt
891 3794 1106 3881 gravissimae,
1129 3799 1199 3879 qui·

1137 3914 1197 3980 bus

314 4059 355 4128 (ι)
372 4062 445 4130 οφ.
462 4056 518 4113 111.
534 4055 594 4113 ns.
617 4056 651 4110 u.
669 4079 698 4096 -
717 4057 749 4108 c.
