2896 5168
525 467 677 528 ..,-

131 627 317 707 htebantur,
340 646 446 710 reapse
467 625 685 693 labefactarent
706 627 904 696 fundamenta
923 644 954 695 et
974 649 1061 696 sanc·

132 757 194 809 tam
223 741 576 825 doctrinamnostram,
616 746 706 829 cuius
723 744 860 825 'assequi
887 746 1059 811 sublimita-

128 874 190 926 tem
222 879 286 927 non
323 875 485 943 poterant,
520 861 656 926 ludibrio
692 861 850 927 haberent.
913 863 1056 949 Quorum

127 978 286 1044 doctrinae
314 995 380 1045 tunt
411 979 534 1058 quidem
557 996 728 1060 paucorum
758 993 889 1045 mentem
919 981 1061 1044 adverte-1

127 1107 224 1175 runt,
245 1096 299 1159 sed
324 1113 447 1176 serpere
474 1095 619 1175 deinceps
645 1094 739 1160 latius
767 1114 823 1177 per
849 1112 956 1164 omnes
982 1111 1055 1176 geu·

124 1226 172 1277 tes
200 1231 235 1277 ac
265 1214 350 1277 nulla
371 1229 436 1277 non
456 1211 615 1277 hominum
637 1229 747 1294 genera
766 1227 950 1294 coeperunt.
996 1212 1053 1285 ld,

124 1329 151 1395 si
176 1330 252 1412 quid
277 1330 380 1410 aliud,
414 1329 514 1395 labem
547 1329 700 1412 adspersit
734 1328 973 1412 philosophiae,
1018 1342 1053 1392 ut

122 1444 187 1512 sint
215 1446 389 1527 hodieque,
423 1447 479 1527 qui
509 1465 573 1511 sem
605 1463 670 1512 non
695 1447 798 1511 solum
829 1445 896 1510 siue
923 1459 1052 1526 propter
1131 1494 1134 1499 .

119 1566 294 1650 jactantiam
327 1579 493 1646 spernant,
536 1563 603 1626 sive
630 1560 832 1626 obscuritatis
862 1579 972 1628 caussa
1002 1559 1053 1625 fu·

123 1681 228 1761 giant,
270 1678 326 1745 sed
353 1679 520 1759 impietatis
546 1694 691 1743 accusent
720 1679 820 1756 adeo,
858 1693 954 1759 atque
981 1679 1051 1759 opi·

123 1795 275 1874 nionum,
300 1812 379 1876 quae
400 1795 536 1859 humano
557 1794 661 1877 generi
688 1791 853 1876 pestiferae
879 1794 966 1873 sint,
988 1812 1051 1858 ma·

120 1928 198 1977 trent
225 1911 369 1978 habeant.
423 1911 498 1996 Quo
523 1910 620 1994 magis
650 1911 815 1994 acriusque
845 1909 969 1975 fanatici
994 1912 1050 1975 ho·

119 2028 218 2095 mines
246 2047 386 2094 caussam
415 2027 575 2111 suscipere
592 2026 774 2110 religionis,
816 2027 871 2093 sed
899 2029 977 2105 sul,
1016 2026 1049 2092 id

120 2127 189 2225 est,
213 2145 318 2229 inepta
341 2163 533 2228 prorsusque
558 2146 703 2226 perversa
725 2143 844 2209 ratione
860 2141 1046 2224 instituunt.

162 2263 324 2348 Quaerunt
348 2263 443 2343 igitur
470 2262 561 2326 multi
588 2262 781 2344 temporibus
802 2261 887 2326 bisce
910 2260 1045 2341 nostris,

50 2410 54 2419 ·
120 2381 377 2465 quemadmodum
405 2379 526 2444 restitui
552 2379 583 2445 in
615 2379 794 2463 dignitatem
825 2398 912 2444 suam
942 2378 1045 2458 pristi·

117 2516 187 2566 nam
213 2498 489 2577 auctoritatemque
511 2497 713 2580 philosophia
733 2497 855 2561 debeat.
913 2496 984 2580 Qua
1005 2497 1045 2560 do

116 2631 150 2677 re
165 2612 243 2679 aliae
257 2628 331 2679 sunt
346 2612 476 2677 aliorum
498 2611 690 2694 maximeque
707 2612 845 2678 diversae
861 2614 1042 2678 sententias.

115 2728 272 2793 Nonnulli
293 2729 533 2795 resuscitandam
562 2729 839 2814 uniuscujusdam
864 2731 933 2795 sive
960 2743 1044 2794 vete·

115 2844 160 2909 ris
187 2846 254 2915 sive
287 2846 465 2910 recentioris
498 2846 680 2926 philosophi
707 2845 877 2909 doctrinam
906 2861 1040 2928 purant,

113 2978 205 3041 quam
229 2979 397 3043 purgemus
419 2961 503 3026 vitiis
526 2961 689 3042 diligenter
713 2958 912 3042 inventisque
938 2977 1043 3044 poste·

114 3074 214 3142 citatis
245 3091 276 3139 et
299 3077 416 3141 nostris
437 3077 610 3141 mehercule
637 3078 734 3158 item,
753 3096 931 3162 augeamus.
977 3082 1041 3146 lllli

114 3195 271 3273 longeque
302 3191 427 3273 plurimi
457 3212 496 3258 ex
526 3194 695 3269 ontnibus,
747 3215 826 3278 quae
853 3197 1040 3263 exstiterunt

112 3326 272 3390 unquam,
315 3308 576 3392 philosophorum
609 3312 704 3376 sectis
744 3312 861 3396 optima
899 3332 1041 3395 quaeque

113 3422 250 3488 delibare
279 3424 396 3488 malunt
425 3440 518 3506 atque
544 3425 577 3489 in
609 3428 768 3492 doctrinae
799 3426 965 3494 formulam
996 3447 1043 3492 re·

109 3541 227 3625 digere.
270 3542 352 3607 Sunt
370 3541 463 3623 item,
485 3543 539 3623 qui
555 3543 787 3609 instauratorem
806 3546 1022 3628 philosophiae
1031 3559 1045 3623 ,·

113 3656 356 3739 nescioquem,
379 3658 434 3722 sed
460 3657 566 3723 divino
592 3660 693 3725 virum
718 3662 861 3744 ingenio,
885 3664 939 3745 qui
959 3680 1040 3727 noua

112 3771 217 3839 omnia
243 3792 340 3854 genus
368 3774 529 3842 bominum
558 3779 685 3857 doceat,
704 3795 880 3863 expectent.
941 3781 1043 3862 Equi·

111 3891 201 3966 den,
243 3890 272 3955 si
308 3891 334 3954 is
366 3882 544 3973 apparuerit
568 3893 600 3958 in
626 3912 738 3974 genere
767 3897 924 3975 humano,
966 3897 1042 3961 nihil

110 4001 254 4088 profecto
282 4008 368 4089 quod
397 4006 565 4074 desiderem
588 4011 730 4093 habebo,
755 4014 847 4080 modo
869 4030 949 4079 nova
973 4016 1043 4091 illa,¹

964 4150 1043 4211 iqttac
