2896 5168
614 466 806 530 ..235-

249 649 267 695 a
298 630 404 695 mturdi
431 629 629 710 generatione
662 627 773 706 initio,
814 628 852 691 ad
884 645 982 709 genus
1015 629 1181 693 humanum

249 725 428 828 perveniat:
452 763 510 826 ego
532 761 633 810 autent
655 745 827 827 deinceps,
844 746 1019 827 suscipiens
1039 747 1182 811 homines

254 882 272 928 a
295 863 423 926 Timaeo
446 861 592 944 genitos,
615 883 631 927 a
655 879 781 928 teucro
803 863 988 940 institutos,
1011 863 1182 927 secundum

254 980 382 1044 Solonis
412 999 584 1044 sermonem
613 984 776 1063 legemque
805 981 835 1044 in
864 979 1016 1063 judicium
1046 994 1185 1042 vestrum

253 1098 423 1176 adducam,
446 1099 647 1179 civitatisque
663 1099 759 1182 hujus
781 1098 865 1162 cives
886 1097 1011 1161 elliciam
1030 1115 1109 1175 eos,
1133 1095 1189 1177 qui

254 1215 349 1296 prisci
368 1216 411 1280 illi
428 1216 636 1280 Athenienses
656 1214 806 1295 fuerunt,
829 1234 912 1296 quos
932 1216 993 1299 jam
1017 1213 1189 1279 exstinctos

255 1334 596 1416 sacraehegyptiorum
619 1333 724 1397 literae
744 1332 774 1396 in
796 1334 895 1396 lucem
916 1350 934 1396 e
956 1331 1092 1396 tenebris
1113 1332 1191 1396 edu.

253 1464 390 1529 xerunt,
423 1464 459 1514 ut
483 1451 624 1529 deliis,
647 1465 804 1530 tamquam
832 1450 870 1511 de
901 1448 1059 1513 veteribus
1088 1449 1188 1514 Athe·

170 1570 175 1575 '
254 1564 438 1646 aiensibus,
462 1565 713 1633 verbaliant.l¹l
782 1567 948 1632 Cernimus
976 1567 1072 1646 hinc,
1096 1584 1189 1647 quam
1225 1629 1227 1635 ,

253 1694 381 1747 vastum
404 1664 479 1765 post
499 1685 648 1749 Politiam
677 1704 759 1767 opus
783 1683 956 1765 susceperit
978 1685 1076 1748 Plato.
1144 1684 1192 1750 Et

255 1797 392 1863 Critiam
421 1800 544 1880 quidem
578 1802 758 1885 dialogum,
803 1820 868 1882 quo
896 1817 927 1866 et
955 1819 1074 1864 auream
1107 1801 1190 1866 illam

256 1918 449 1983 Athenarum
479 1896 606 1984 aetatem
630 1935 661 1985 et
691 1921 821 1985 insulam
844 1918 1034 1984 Atlantidum
1058 1916 1192 1983 celebra-

257 2050 346 2099 turus
377 2051 459 2116 erat,
483 2038 661 2100 inchoatum
689 2037 841 2118 reliquit3
866 2037 1023 2101 Timacum
1046 2055 1120 2100 veto
1145 2036 1198 2119 ip·-

257 2172 350 2232 sum,
374 2173 439 2234 quo
469 2155 547 2217 hanc
577 2153 758 2218 instantium
785 2173 914 2237 operum
941 2152 1193 2217 distributionem

256 2271 414 2349 instituit,
437 2273 482 2335 sic
505 2271 663 2351 absolvit,
688 2287 722 2336 ut
750 2291 836 2335 suam
866 2289 989 2335 omnem
1019 2269 1051 2333 in
1077 2269 1131 2333 illo
1158 2269 1197 2335 de

259 2390 400 2467 mundo,
430 2392 468 2454 tle
497 2391 568 2454 Deo
595 2409 629 2454 ac
653 2393 691 2455 tie
717 2390 841 2455 homine
865 2388 1036 2454 doctrinam
1062 2378 1196 2468 explica·
1253 2364 1255 2368 ⁷

258 2523 317 2570 ret.
344 2540 345 2543 κ

302 2621 497 2703 interpretati
531 2623 612 2685 hunc
644 2621 800 2703 dialogum
835 2620 926 2683 nrulti
956 2619 997 2683 ita
1026 2633 1123 2698 sunt,
1158 2633 1193 2683 ut

261 2737 362 2801 minus
384 2737 522 2833 Platonis
549 2739 586 2799 de
616 2739 709 2800 rebus
735 2736 851 2802 divinis
875 2751 906 2799 et
929 2735 1070 2800 humanis
1100 2723 1194 2816 placi·

261 2868 313 2933 ta,
337 2872 428 2932 quam
449 2872 534 2916 suant
550 2853 618 2944 'ipsi
635 2873 705 2917 cum
723 2852 995 2934 philosophicam,
1019 2867 1084 2915 tum
1106 2851 1196 2916 theo·

260 2969 391 3052 logicam
412 2970 582 3034 doctrinam
606 2970 820 3049 attenderent,
844 2986 974 3050 eamque
992 2967 1195 3050 interpretan-

259 3089 299 3152 do
328 3088 504 3169 antiquitati
534 3107 568 3151 ac
590 3088 711 3152 Platoni
741 3083 1008 3155 obtruderenc.(²)
1074 3086 1105 3150 A
1132 3105 1193 3167 qua

260 3222 318 3268 nos
349 3205 519 3269 temeritate
546 3224 583 3268 eo
608 3203 730 3270 facilius
753 3204 955 3288 cavebimus,
977 3226 1041 3288 quo
1063 3208 1195 3292 diligen·

260 3320 323 3385 tius
361 3321 431 3404 ipsa
465 3322 603 3385 Platonis
645 3321 755 3403 piacita
797 3305 833 3386 ex
871 3325 938 3406 ejus
975 3325 1101 3408 scriptis
1139 3326 1193 3393 de-

204 3482 208 3489 ·
259 3439 374 3502 clarore
398 3439 588 3506 studuimus.
635 3438 696 3501 Sed
720 3437 823 3521 ipsum
851 3442 1003 3507 continuo
1029 3442 1191 3511 Timaeum

1127 3559 1191 3625 dis·

295 3747 340 3814 (r)
362 3749 433 3798 Tim.
452 3763 482 3816 ²7
504 3749 538 3800 Α.
551 3746 582 3798 Β.
652 3749 697 3815 (2)
714 3744 751 3801 V·
763 3745 929 3813 Cudworlh,
962 3712 1079 3819 System.
1096 3755 1190 3807 intell·

259 3845 303 3903 ed.
320 3843 491 3898 Moshemio:
517 3863 676 3914 quamquam
697 3846 883 3912 Moshemiua,
912 3867 964 3917 qua
984 3859 1043 3903 erat
1063 3870 1122 3905 cum
1142 3855 1188 3906 iu.

258 3947 328 4015 genii
348 3953 507 4015 sagucrlalo,
532 3953 587 3997 tum
604 3946 743 3998 doctrinae
764 3947 860 4015 copiti,
885 3950 1006 4012 rectius,
1029 3969 1108 4019 quam
1130 3951 1186 4004 Pa-

257 4054 312 4098 tres
322 4047 457 4100 Ecclesiae
466 4048 578 4117 ipseque
591 4046 804 4112 Cutlworthius,
823 4045 866 4129 itia
887 4048 922 4100 do
942 4050 1024 4104 rebus
1043 4051 1185 4120 judicavit·
