2896 5168
535 560 646 628 ·;.59
670 583 714 605 -ν

167 723 305 813 Demens*
320 722 477 798 dii’en'mt
504 722 593 810 lere,
633 731 727 811 plane
764 740 799 790 ut
832 725 947 805 Plato,
990 731 1090 789 resuta

164 844 306 915 omnium
339 846 527 930 optimatum
557 844 678 911 fontem
692 922 698 931 ,Δ
710 843 858 910 unicum:
899 840 974 920 alii,
1008 839 1095 921 quod

163 975 218 1037 ’τοῦ
249 936 365 1047 danici
392 966 457 1045 ilia
488 961 639 1027 tribuerat
667 954 780 1042 Plato,
810 961 843 1026 ld
862 952 928 1040 ipsi
948 957 1018 1023 Deo
1040 954 1096 1023 tri·

160 1074 323 1158 buerunt,
363 1092 464 1158 'quum
506 1077 620 1142 Deum·
650 1077 840 1142 celebrarent
882 1071 1100 1152 universitatis

164 1186 323 1263 auctorem
351 1200 383 1259 et
409 1196 560 1275 altorem,
594 1191 645 1257 cui
668 1193 796 1273 omnia,
837 1192 1026 1268 messem,
1057 1200 1097 1253 ut

164 1312 396 1392 increscerent,
424 1323 462 1375 ut
490 1304 654 1394 vigerent,
686 1309 835 1375 deberent
863 1305 980 1372 unice:
1021 1321 1096 1371 vert

168 1428 293 1521 quidem
320 1427 353 1493 hi
375 1429 524 1512 justeque
557 1442 589 1492 et
620 1426 724 1492 debite
753 1426 856 1491 Deum
874 1423 1097 1504 celebrantes,

163 1545 222 1612 sed
259 1544 398 1615 Platonis
432 1545 472 1609 de
508 1544 593 1608 bono
628 1543 815 1610 sententiam
854 1541 1093 1625 interpretantes

162 1661 324 1746 perverse.
367 1658 443 1733 Nou
465 1661 562 1746 magis
593 1661 625 1726 hi
652 1661 791 1728 Platonis
821 1661 871 1725 de>
886 1660 976 1738 Deo,
1000 1675 1093 1738 quam

160 1768 211 1844 iili
239 1778 378 1864 ejusdem
408 1778 550 1844 de'vero
574 1777 687 1860 placita
713 1778 848 1842 assecuti
863 1774 969 1842 'sunta
1002 1774 1097 1856 quips

160 1866 206 1976 ‘pie
234 1894 266 1959 in
286 1894 363 1960 boni
392 1889 462 1962 rdet
484 1894 651 1964 ueritatem
674 1895 745 1975 ille,
775 1895 807 1959 in
827 1895 898 1962 Deo
921 1897 1017 1982 ipsios
1045 1912 1097 1960 st·

119 1999 121 2002 ’
164 1991 276 2076 'vitatis
303 2016 592 2097 παράδειγμα,
623 2011 726 2093 sive,
758 2013 845 2093 quod
867 2013 929 2076 nos
959 2010 1095 2093 appellas

164 2118 261 2204 inus,
282 2125 431 2194 §dvala
455 2128 584 2211 agnovit
609 2128 812 2210 adoravitque
827 2127 995 2195 maximoe
1005 2126 1097 2212 Quo·

120 2307 126 2316 ,
166 2244 238 2305 sum
264 2239 366 2321 illud,
389 2243 481 2324 quale
503 2241 564 2321 sit,
584 2244 645 2323 jam
672 2243 892 2323 percepimus,
915 2242 948 2307 ni
979 2239 1096 2321 fallor,

95 2351 100 2366 '
163 2352 282 2439 's'a'tiss
308 2357 395 2438 hoc,
436 2368 550 2438 utpote
589 2372 803 2439 argumentum
841 2372 1096 2440 argumentorum

168 2471 307 2541 omnium
345 2490 500 2538 summum
531 2487 562 2538 et
591 2456 830 2556 gravissimum,
874 2488 940 2536 tum
971 2474 1095 2536 demum

166 2587 286 2670 nobis,
318 2602 485 2672 postquam
514 2587 552 2653 ab
579 2589 711 2653 aliorum
737 2587 899 2655 sententiis
924 2588 1096 2678 Platonicae

167 2708 453 2791 segregavcrlmus,
475 2706 545 2772 data
568 2711 664 2791 operl
685 2708 901 2789 explicandum
921 2707 991 2772 erit.

209 2823 293 2907 Nam
316 2842 451 2905 vereor,
477 2840 513 2889 ut
542 2843 621 2906 quae
646 2825 794 2889 hactenus
824 2825 862 2890 de
890 2824 1008 2891 mundo
1036 2850 1099 2905 ton·

168 2930 209 3026 *ὲῷ
237 2958 277 3006 ex
307 2939 407 3022 ipsius
437 2939 628 3023 ,philosophi
669 2939 795 3023 scriptis
826 2941 1012 3021 attulimus,
1057 2958 1096 3006 eo

167 3058 289 3122 valeant
313 3056 411 3135 satis,
442 3068 500 3135 ut,
535 3057 622 3136 quod
648 3056 779 3127 manime
805 3072 1008 3137 spectamus,
1030 3054 1099 3124 evi-

169 3162 247 3242 dens
274 3170 368 3235 nobis
396 3171 490 3253 plane
521 3184 553 3234 et
577 3171 657 3234 clara
678 3172 745 3254 ejus
773 3171 926 3235 doctrina·
940 3172 1001 3235 sitt
1032 3190 1099 3239 non

172 3285 263 3370 quasi
290 3286 358 3371 ipsa
386 3286 461 3354 haec
491 3286 632 3351 doctrina
658 3287 791 3353 obseura
820 3291 883 3353 sit:
918 3289 994 3353 mihi
1022 3287 1100 3355 nihil

170 3420 240 3470 esse
259 3403 432 3490 simplicius
459 3403 674 3471 evidentiusve
698 3406 841 3471 videtur:
866 3423 936 3471 nam
960 3405 1100 3473 continet

171 3520 354 3602 simpliciter
379 3520 445 3587 veri
466 3534 497 3586 et
516 3519 612 3602 falsi,
634 3521 713 3587 certi
731 3536 762 3587 et
785 3523 979 3605 probabilis,
1002 3523 1104 3590 scien·-
1155 3592 1159 3599 ,

171 3633 234 3701 tiae
263 3650 295 3701 et
321 3635 481 3718 opinionis
507 3637 693 3720 discrimem
726 3639 781 3704 sed
802 3628 991 3724 propterea,
1015 3642 1103 3723 quod

171 3750 356 3818 conturbata
383 3753 521 3819 Platonis
558 3754 765 3837 philosophia
792 3755 942 3823 immixtis
968 3759 1103 3826 dissimi-

126 3877 130 3887 '
169 3866 256 3934 libus
281 3850 421 3935 aliorum
434 3868 558 3950 placitis
582 3887 641 3938 est.
687 3872 822 3961 Exstitit
841 3848 923 3956 post¹
939 3875 1101 3945 Platonem

171 3986 407 4070 philosophus,
449 3987 652 4054 Aristotelem
686 3990 781 4070 dico,
826 3992 882 4073 qui
914 3996 1101 4080 sapientiam

174 4103 319 4186 doceret,
354 4103 524 4171 doctrinam
551 4121 651 4192 supra
672 4109 959 4194 murum-tm
975 4114 1017 4179 ml
1044 4124 1105 4193 φυ·

1009 4228 1103 4303 otuu,
