2896 5168
615 446 812 518 ρι’]-

250 613 396 697 a‘ttingit.
444 612 482 679 ln
502 611 629 699 Gorgia
644 589 765 677 demum
784 625 814 675 et
838 610 983 692 Politia,
1013 613 1100 692 quod
1123 629 1185 678 ma·

256 730 370 799 tutiori
388 729 480 796 aetati
499 727 724 808 conveniebat,
745 725 880 794 futtrram
900 729 980 793 hanc
996 727 1090 793 animi
1108 745 1187 794 con·

251 847 409 916 ditionem
429 846 591 928 diligenter
608 845 792 928 descripsit:
812 845 843 909 in
860 842 1022 910 Phaedone
1036 864 1110 908 vero
1126 845 1187 909 huc

260 978 357 1031 totam
379 962 554 1045 principum
572 963 836 1045 Pythagoreorum
852 959 1023 1026 doctrinam
1039 959 1192 1031 adhibuit.

260 1081 358 1166 Quod
377 1098 415 1144 ex
431 1079 497 1161 ipsa
518 1079 632 1160 dialogi
654 1079 773 1143 ratione
795 1078 991 1161 intelligitur.
1035 1076 1116 1142 Nam
1136 1075 1194 1159 qui

261 1195 394 1263 maxime
417 1215 487 1262 cum
509 1197 640 1261 Socrate
668 1214 827 1262 sermones
852 1195 1004 1274 miscent,
1032 1192 1137 1260 Cebes
1161 1207 1195 1259 et

253 1309 430 1392 Simmias,
451 1312 638 1395 Pythagorei
654 1326 750 1379 sunt:
771 1328 882 1392 certe,
905 1326 939 1377 ut
961 1311 1021 1394 ipsi
1040 1310 1195 1391 fatentur,
1261 1338 1268 1350 -

252 1428 437 1498 -Philolaum
460 1430 688 1517 Pythagoreum
713 1429 834 1495 Thebis
852 1427 1109 1509 audiveran13l¹l
1129 1446 1194 1494 ser·

263 1566 373 1613 mones
402 1561 506 1611 autem
547 1544 652 1628 ipsiu
681 1543 1047 1626 placitoPythagoricae
1071 1545 1198 1614 scholae

262 1662 433 1746 primario,
457 1662 546 1742 quod
568 1677 615 1726 est
639 1661 677 1726 de
701 1661 991 1744 metempsychosi,
1013 1661 1194 1742 ducuntur,

265 1791 332 1844 tum
354 1776 500 1859 princeps
531 1776 625 1840 iniis
655 1775 811 1858 longeque
837 1776 1197 1858 elegantissimuslocus

264 1895 318 1962 ille
336 1908 409 1974 est,
433 1893 488 1957 ubi
506 1892 545 1958 de
566 1892 723 1958 harmonia
745 1893 869 1974 agitur,
892 1892 944 1958 cui
964 1893 1100 1959 animum
1119 1891 1198 1960 assi·

194 2005 198 2019 ’
252 2011 414 2079 milabant
438 2010 638 2094 Pythagorei.
663 2009 705 2076 i2l
759 2009 810 2076 Fit
833 2007 896 2089 ita,
918 2025 954 2076 ut
974 2009 1195 2078 sublimitatem

264 2129 393 2196 scholae
416 2127 639 2210 Pythagoricae
663 2144 733 2189 curn
754 2125 912 2193 Socratica
935 2126 1105 2193 disserendi
1126 2126 1197 2194 dili·

241 2248 370 2328 ‘.gentih
390 2244 434 2309 sic
451 2246 671 2328 conjunctam,
694 2259 730 2308 ut
753 2243 786 2308 iu
807 2243 970 2310 Phaedone
991 2259 1061 2326 est,
1081 2246 1114 2311 in
1129 2245 1198 2313 aliis

265 2363 405 2429 Platonis
434 2360 566 2442 dialogis
598 2361 682 2426 haud
712 2361 913 2442 reperiamus.
962 2361 998 2427 in
1024 2361 1085 2428 hoe
1108 2361 1197 2445 equi·

264 2479 334 2546 dem
366 2479 489 2561 dialogo
520 2478 618 2560 ipsam
653 2477 730 2542 mihi
762 2479 871 2543 videor
899 2479 1012 2562 ingenii
1044 2480 1198 2546 Platonici

255 2595 471 2664 maturitatem
503 2610 691 2678 agnoscere:
717 2612 798 2673 quae
824 2612 889 2658 non
912 2596 1014 2660 solum
1037 2597 1069 2661 in
1093 2598 1196 2678 philo-

266 2710 445 2792 sophandi,
474 2710 528 2771 sed
553 2708 643 2772 etiarn
664 2706 819 2771 scribendi
837 2708 975 2790 ratione,
994 2729 1086 2791 quarn
1106 2730 1198 2776 usur·

267 2827 374 2911 pavit,
401 2823 551 2888 cernitur.
602 2823 639 2889 ln
658 2821 782 2887 Politia!
803 2822 967 2889 scribendi
987 2827 1077 2891 Plato
1096 2846 1198 2893 rerum

269 2943 442 3025 gravitate,
481 2956 558 3021 quas
599 2939 797 3021 inquirebat,
835 2957 1007 3024 occupatus
1036 2943 1199 3028 abreptus·

269 3079 332 3141 que
362 3059 506 3137 videtur,
538 3075 604 3138 quo
639 3058 742 3121 minus
774 3057 918 3124 dramatis
945 3060 1092 3127 rationem
1121 3081 1199 3129 con·

268 3191 387 3243 manta
405 3188 599 3256 sequeretur.
633 3174 824 3240 Praeclarum
847 3176 1041 3256 prooemium
1059 3193 1127 3259 est,
1145 3194 1196 3261 et,

268 3291 416 3377 quamdiu
437 3291 637 3358 sermonibus
658 3290 785 3356 interest
805 3290 1083 3374 Thrasymachus,
1099 3293 1199 3362 forma

178 3405 180 3408 ’
268 3409 382 3493 dialogi
406 3429 535 3490 prorsus
557 3425 605 3474 est
628 3408 812 3490 dramatica3
832 3406 864 3472 in
883 3408 1034 3491 proximis
1054 3429 1128 3475 vero
1147 3431 1200 3480 us·

250 3545 330 3608 ¹que
348 3527 387 3591 ad
410 3527 526 3592 exitum
553 3527 657 3607 operis
678 3526 781 3590 drama
803 3543 873 3590 esse
898 3525 1010 3591 desinit
1031 3526 1195 3611 dialogus,
1294 3553 1296 3556 ’

264 3662 330 3712 uon
350 3659 422 3724 est,
449 3642 510 3708 nisi
538 3645 675 3709 Socratis
698 3661 769 3708 cum
796 3642 928 3717 duobus,
945 3643 1194 3710 adolescentibus

263 3760 326 3828 illis
346 3761 555 3842 colloquium.
599 3761 678 3827 Non
701 3760 742 3826 ita
761 3777 830 3825 sese
847 3760 970 3827 Phaedo
991 3760 1093 3834 habet.
1137 3763 1196 3829 Vi.

1139 3881 1193 3946 de·

302 4034 345 4105 bl
363 4035 512 4100 Paeon.
527 4037 570 4091 σι.
582 4034 620 4088 o.
668 4035 711 4106 (ι)
730 4033 896 4088 cousus
