2896 5168
735 484 907 548 -,0-

356 642 438 726 jnrin
460 658 561 712 antem
580 623 657 712 affici
674 648 808 731 maium;
838 651 895 718 sod
917 650 1012 731 longe
1030 648 1104 732 plns
1125 645 1195 712 maii
1214 663 1283 712 esse

359 759 393 824 in
422 759 567 843 pariendo
598 760 761 849 injuriam,
799 783 892 848 quam
925 763 1002 832 boni
1033 763 1067 830 in
1097 761 1284 830 inferendos·

361 877 579 959 quamobrem,
600 894 769 963 postquem
798 880 938 949 vicissim
966 880 1109 967 injuriam
1125 895 1156 946 et
1171 881 1285 946 intule-

360 989 423 1057 rint
440 1006 470 1057 et
488 994 664 1078 acceperint
681 1010 777 1080 atque
796 1003 966 1080 utrumque
990 997 1204 1082 gustaverint,
1227 995 1285 1078 qui

359 1126 520 1192 nequeunt
542 1110 639 1187 uitare
662 1112 761 1195 iilud,
791 1114 823 1178 id
842 1112 997 1197 consequi
1020 1112 1283 1199 operaepretium

359 1221 431 1291 fore
452 1228 589 1309 ducunt,
613 1242 649 1294 nt
667 1227 710 1295 ita
729 1228 860 1296 invicem
882 1243 1095 1312 componant,
1121 1244 1157 1295 ut
1171 1245 1285 1311 neque

303 1366 305 1373 ·
360 1341 468 1410 inferri
487 1361 590 1428 neque
608 1344 708 1429 accipi
730 1345 833 1429 possit
853 1345 986 1432 injuria:
1018 1344 1155 1426 hincque
1172 1344 1286 1411 volunt

361 1459 510 1544 originem
528 1461 674 1530 babuisse
688 1463 773 1547 leges
789 1478 883 1544 atque
904 1460 1067 1543 instituta,
1085 1475 1117 1526 et
1128 1458 1285 1525 nominata

361 1597 430 1644 esse
445 1595 608 1666 praccepta
626 1581 729 1676 legum
748 1578 883 1664 legitima
901 1599 937 1646 ac
948 1580 1045 1665 justu.
1079 1576 1170 1643 Hanc
1189 1574 1286 1660 igitur

357 1696 496 1782 justitiae
527 1716 594 1765 esse
618 1698 770 1782 orIginem
803 1695 927 1762 etnim
956 1695 1172 1777 contendunt,
1207 1712 1286 1775 quse

361 1816 461 1879 media
477 1816 705 1897 quodammodo
722 1814 764 1879 sit
783 1814 936 1896 optimum
953 1811 1034 1877 inter
1048 1827 1080 1877 et
1092 1812 1286 1896 pessimum,
1305 1878 1307 1889 ,

362 1928 614 2012 quandoquidem
641 1927 796 2011 optimum
823 1941 872 1991 est
907 1927 1021 1993 inierre
1058 1926 1201 2009 iniuriam
1229 1942 1285 1992 nee

361 2045 433 2109 dure
451 2061 589 2126 poenas,
610 2041 781 2127 pessimum
801 2059 877 2108 vero
897 2042 962 2125 pati
976 2058 1033 2106 nec
1055 2058 1150 2124 posse
1164 2040 1284 2109 ulcisci.

358 2159 485 2244 Justum
507 2177 606 2242 ergo,
637 2160 751 2224 horum
778 2157 811 2225 in
835 2159 937 2225 medio
967 2157 1195 2257 constitutum,
1221 2174 1286 2224 non

362 2273 456 2340 amari
473 2289 628 2357 tamquam
645 2274 785 2356 bonum,
802 2275 880 2357 sed,
901 2294 939 2341 ex
958 2274 1167 2341 imbecillitate
1180 2275 1219 2341 ιι]
1237 2273 1286 2340 in·
1407 2296 1412 2306 ·

360 2390 471 2477 juniam
491 2389 700 2472 inferendam,
730 2391 895 2457 honorari:
934 2389 1086 2458 neminem
1103 2391 1201 2472 enim,
1229 2389 1286 2473 qui
1382 2368 1387 2377 ’

337 2543 339 2546 <
363 2508 426 2574 hoc
443 2507 560 2574 efficere
579 2507 681 2591 possit
699 2510 835 2589 vereque
855 2506 906 2573 vir
924 2506 986 2589 sit,
1016 2491 1167 2573 eumalio
1185 2505 1286 2590 pacis²

363 2628 412 2707 ci,
422 2643 462 2692 ne
479 2626 562 2692 ultro
578 2624 720 2708 citroque
736 2624 847 2710 injuria
861 2621 1028 2691 inferatur:
1054 2621 1187 2691 insanire
1203 2621 1285 2687 enim

363 2743 470 2809 istum.
503 2741 589 2809 Haec
603 2756 672 2824 est,
696 2741 893 2823 oSocrates,
912 2754 1039 2806 naturae
1052 2739 1175 2825 justitia
1193 2755 1286 2823 atque

364 2859 521 2928 etalibus
537 2875 605 2941 est,
629 2873 666 2926 ut
683 2856 811 2940 ferunt,
835 2843 1027 2942 progenitus
1060 2857 1136 2924 Illos
1162 2873 1282 2943 autem,

365 2973 421 3056 qui
444 2973 595 3058 justitiam
624 2990 772 3056 servant,
802 2971 921 3039 invitos
948 2971 1111 3058 idagere,
1145 2992 1217 3040 cum
1248 2993 1287 3041 ex

364 3090 576 3156 imbecillitate
597 3090 737 3175 iniuriam
760 3089 875 3157 inferre
900 3105 1081 3175 nequeant,
1102 3091 1194 3172 plane
1217 3110 1289 3175 per·

364 3208 576 3291 spiceremus,
593 3207 622 3272 si
640 3210 700 3273 tale
719 3205 797 3289 quid
812 3207 915 3274 animo
936 3206 1142 3291 fingeremus:
1164 3208 1194 3273 si
1209 3207 1287 3275 utri·
1342 3176 1347 3196 ¹

365 3342 443 3405 que,
456 3338 516 3389 tam
526 3323 633 3406 justo,
654 3344 744 3404 quam
758 3324 895 3409 iniusto,
913 3323 1067 3390 licentiam
1082 3325 1286 3410 largiremur,

365 3441 576 3523 quodcunque
596 3439 739 3522 luberet,
759 3441 889 3524 agendi,
906 3454 972 3506 tum
987 3458 1070 3524 pone
1086 3459 1288 3523 sequeremur

364 3572 560 3640 spectantes,
586 3577 651 3639 quo
669 3572 788 3641 raperet
807 3572 975 3640 utrumque
993 3558 1108 3637 libidor
1134 3559 1288 3626 invenire·

363 3692 435 3739 mus
466 3671 634 3757 profecto,
667 3675 787 3760 justum
821 3672 965 3741 aviditate
989 3677 1213 3759 compulsum,
1246 3677 1285 3743 nd
1326 3705 1328 3708 >

266 3821 271 3828 ·
363 3791 466 3854 eadem
497 3809 553 3873 se,
579 3806 675 3875 atque
706 3792 883 3876 injustum,
913 3791 1076 3859 conferret
1104 3791 1138 3856 id
1165 3791 1285 3859 scilicet

361 3921 469 3987 nutura
489 3907 611 3990 omnis,
633 3924 668 3974 ut
692 3907 830 3992 bonum,
851 3909 988 3994 appetit3
1014 3911 1081 3994 lege
1101 3927 1175 3976 vero
1196 3929 1231 3977 ac
1252 3912 1286 3978 vi
1316 3988 1320 3996 ,

359 4022 398 4092 nd
417 4024 630 4106 aequalitetem
652 4026 831 4095 servandam
853 4025 990 4098 ducitur.
1034 4025 1106 4102 Erit
1124 4040 1226 4101 antem
1248 4028 1307 4095 11„

1214 4166 1288 4226 etn-
