2896 5168
564 480 743 544 ..49-

183 639 263 707 clius
287 641 327 706 de
343 638 463 727 iustitie
484 653 516 705 et
536 637 708 722 iniustitia,
735 641 900 724 utriusque
921 641 983 708 uim
1008 643 1113 714 inrer-

183 770 277 841 tens,
298 756 436 838 diceret,
458 755 843 839 importuncodmodum,
870 774 905 821 ut
927 759 1003 825 mihi
1023 760 1111 828 vide·

182 888 253 958 tut3
281 874 338 939 sed
360 890 443 956 ego,
468 871 547 938 nihil
567 872 623 936 obs
651 887 681 937 te
701 872 791 937 celeri
814 873 945 954 volens,
965 875 1112 959 cupiens·

182 1008 246 1074 que
263 1007 302 1054 ex
322 989 474 1053 teaudite
501 986 676 1068 contrarie,
707 1007 799 1070 quom
829 988 962 1056 maximo
989 991 1109 1076 impetu

181 1124 217 1173 ec
231 1104 362 1171 'fervore
380 1104 456 1170 dixi·
492 1103 544 1171 Ne
560 1122 635 1189 ergo
651 1106 752 1192 solutu
763 1106 1109 1194 orttionedemonstnt,

181 1223 226 1295 lor
247 1225 410 1301 δικαιοσύνη
430 1224 548 1299 oilruloe
569 1232 713 1306 reprimor·
729 1223 991 1309 praestantiorem
1011 1224 1113 1310 lrp'us·

181 1339 263 1405 nolu
278 1339 443 1424 justitiam
472 1358 551 1421 esse,·
574 1342 662 1409 ἀλλὰ
687 1341 720 1407 cl
748 1345 873 1408 rotrico
902 1341 1030 1425 {euripo
1057 1345 1111 1413 ror
1167 1408 1175 1427 ,

180 1458 315 1543 ἔχοντα,
336 1459 416 1534 αὐτὴ
434 1459 461 1525 δί
482 1459 593 1533 αὐτὴν,
615 1456 668 1524 ἓνὲν
687 1481 722 1524 ce
743 1457 898 1538 λανθάνῃ,
919 1457 972 1525 ἐνέν
991 1482 1027 1526 ct
1044 1459 1109 1539 ait,

181 1577 260 1651 leode
290 1600 326 1643 re
354 1576 405 1641 uo)
434 1572 620 1655 deducimur,
652 1575 670 1648 ri
699 1574 754 1651 μὲν
775 1573 907 1663 ἀγαθὸν,
928 1575 946 1650 sl
967 1574 998 1640 tl
1017 1574 1111 1643 eaelo

181 1694 238 1763 let·
259 1687 313 1755 sed
329 1685 410 1773 quid
427 1700 565 1771 utraque
584 1687 708 1772 efficiens
726 1686 761 1747 in
782 1698 937 1768 utroque,
965 1688 1035 1771 ipsa
1049 1704 1115 1775 per:

181 1823 266 1884 reso,
288 1807 352 1870 siue
370 1802 470 1868 lateat
492 1801 561 1867 deos
582 1802 799 1887 hominesque,
822 1802 885 1867 siro
904 1821 965 1866 oon
983 1803 1109 1887 lateas,

180 1917 436 1996 ulceratorum,
462 1919 567 1984 altera
587 1916 705 1981 malum
725 1921 780 1983 sit.
802 1912 843 1984 (ll

223 2033 399 2117 Utriusque
434 2033 639 2102 adolescentis
679 2032 717 2097 de
751 2032 875 2117 iustitie
911 2050 1109 2118 sermonem,

181 2150 289 2236 prucis
317 2149 475 2234 exceptis,
502 2165 602 2217 totum
629 2148 778 2231 opposui.
841 2150 923 2216 Nam
949 2150 992 2217 itt
1023 2150 1112 2220 dixe·

180 2270 274 2346 runt',
294 2268 509 2348 mehercule,
542 2281 577 2332 ut
605 2265 766 2345 dubitem,
799 2283 874 2331 num
897 2283 1033 2349 unquam
1054 2286 1109 2336 ex·

180 2381 295 2447 stiterit
320 2395 448 2462 orator,
490 2372 545 2461 nui
573 2381 633 2446 hoc
661 2381 700 2446 de
729 2397 911 2461 argumento
939 2383 1109 2471 disertius,

179 2496 372 2579 accuratius,
398 2496 560 2580 copiosius
588 2494 709 2562 dixerit.
774 2496 849 2580 Quo
880 2496 1029 2564 accidisse
1061 2499 1111 2567 vi·

180 2613 296 2695 duur,
323 2627 359 2679 ut
386 2615 475 2679 locus
502 2611 553 2678 hic
579 2612 618 2677 de
639 2611 761 2696 justitil
784 2627 814 2678 et
839 2613 993 2698 injustitid
1022 2635 1109 2684 com·

128 2782 132 2789 .
181 2748 275 2798 mune
293 2746 298 2757 ·
316 2729 458 2812 deinceps
496 2727 582 2794 fieret
620 2728 798 2795 oratoribus
836 2747 871 2794 ac
909 2731 1110 2814 philosophis
1196 2810 1201 2815 ,

180 2859 415 2929 argumentum,
448 2843 480 2907 in
511 2863 576 2925 quo
613 2844 772 2909 tractando
807 2847 1031 2913 aemularentur
1059 2868 1110 2916 se.

180 2978 251 3025 cum
271 2960 417 3024 invicem.
460 2958 558 3043 Quod
581 2976 651 3023 cum
678 2957 831 3037 oliorum,
852 2974 918 3025 tum
940 2963 1108 3032 Carneadis

180 3093 216 3140 tc
237 3072 403 3140 Ciceronis
424 3076 566 3156 exemplo
586 3074 749 3155 probatur.
792 3075 855 3141 Sed
878 3091 953 3142 sunt
974 3079 1007 3145 in
1029 3096 1112 3150 utrt·

183 3209 246 3274 qne
272 3189 432 3270 oratione,
472 3208 551 3270 quoe
584 3187 677 3255 nobis
708 3190 888 3273 diligentius
927 3197 1111 3265 attendendo

184 3304 426 3389 explicandaque
451 3305 623 3371 videantur.
686 3307 768 3372 Nam
793 3307 994 3392 intelligimus
1018 3312 1108 3394 inde,

184 3436 376 3506 qutntopete
400 3422 458 3486 hue
483 3422 521 3487 de
538 3421 660 3507 iustitia
679 3421 843 3504 opiniones
864 3425 947 3507 opud
970 3426 1111 3496 Graecos

183 3536 369 3603 invaluerint
390 3538 523 3619 passim:
558 3545 675 3624 ἀπορῶ,
706 3541 750 3605 ait
771 3540 917 3622 Glauco,
945 3548 1141 3629 traversum·

184 3657 309 3739 λνμὲννς
342 3657 385 3723 cio
413 3652 497 3730 ὦτα.
540 3659 651 3725 duou‘oo
681 3660 887 3743 θρασυμάχνυ
920 3661 971 3727 eal
1003 3663 1112 3746 reuolue

185 3771 298 3840 ἄλλων.
318 3762 359 3834 (²)
425 3769 509 3834 Tum
528 3768 588 3834 hoc
612 3769 682 3835 inde
706 3770 849 3834 ducimus
877 3770 1108 3853 sinu1,qutm

1036 3909 1110 3974 pt·

220 4031 262 4103 (t)
279 4032 405 4103 Dellcp.
425 4029 464 4084 ll.
480 4027 669 4100 isam-567
682 4030 716 4085 E.
795 4032 835 4104 (α)
854 4032 923 4087 Eud.
936 4034 977 4090 ΙΙ.
994 4033 1092 4090 558νον

632 4130 663 4196 D
