2896 5168
657 478 848 545 -nn-

284 655 368 707 mus.
406 641 500 727 Quae
522 661 597 709 veto
625 645 770 728 deinceps
801 644 833 707 in
857 643 916 707 hoc
938 641 1063 726 dialogo
1091 644 1128 708 de
1153 659 1213 709 utu

280 775 435 824 nretorunr
469 760 643 827 rationibus
672 775 865 841 occurrunt,
899 778 964 825 non
994 757 1211 852 confundenda

277 891 349 938 cunt
382 877 566 956 posterioris
595 877 662 943 aevi
691 878 814 960 placitis
841 879 880 942 de
902 896 1101 944 numerorum
1126 878 1159 943 vi
1178 892 1210 941 et

276 990 454 1057 efficacitate
469 994 633 1060 videntur:
679 996 718 1059 ad
736 996 908 1073 musicam,
930 992 1208 1060 sivehatmoniant

275 1105 474 1187 referuntur,
505 1129 583 1192 quae
613 1125 694 1175 artes
725 1113 809 1192 apud
836 1112 965 1177 Veteres
993 1112 1034 1176 ad
1063 1127 1206 1177 mutuum

274 1223 505 1305 exprimendum
537 1246 637 1291 rerum
673 1227 883 1294 universarum
911 1244 1096 1306 concentum
1120 1227 1207 1293 adli·-

272 1338 437 1409 bebantur.
490 1344 665 1408 Praeclarus
688 1344 855 1411 Ciceronis
883 1359 931 1411 cst
956 1345 988 1411 in
1009 1349 1122 1411 samnia
1138 1345 1207 1431 Sci·

263 1461 367 1544 pionis
384 1460 494 1538 locus,
528 1459 581 1524 ubi
604 1460 711 1542 Scipio
740 1461 771 1527 iu
792 1464 913 1526 coelum
933 1464 1115 1541 traductus,
1146 1461 1204 1545 tuly

268 1589 377 1655 ratur,
409 1577 479 1657 quis
502 1575 543 1642 sit
567 1577 622 1659 qui
643 1579 780 1658 complet
803 1579 905 1660 ipsius
929 1597 1019 1644 aures
1044 1592 1149 1644 tantus
1170 1593 1201 1643 et

268 1707 330 1758 tarn
354 1693 456 1761 dulcis
487 1712 596 1764 sonus.
645 1693 709 1760 Hic
729 1710 796 1773 ert,
823 1710 858 1759 ut
884 1694 985 1776 ipsius
1006 1714 1086 1761 avus
1107 1697 1204 1759 inter·

265 1825 427 1891 pretatur,
450 1813 507 1896 qai
530 1813 707 1877 intervallis
733 1813 912 1892 emanatas
937 1811 1129 1899 imparibus,
1150 1808 1205 1877 rad

266 1943 372 1991 tamen
386 1944 445 2013 pra
466 1928 548 1992 rard
561 1931 701 2015 portione
720 1926 893 2009 distinctis,
914 1930 1050 2014 impulsa
1066 1943 1096 1993 et
1115 1943 1200 1993 rnatu

262 2048 399 2129 ipsoram
418 2043 538 2109 arbiant
560 2043 749 2125 conficitur:
769 2048 825 2130 qai
844 2060 941 2111 acuta
960 2064 1030 2109 carn
1049 2035 1200 2128 gratibar

215 2137 220 2149 ⁸
263 2176 458 2248 temperans,
480 2165 584 2227 rarior
603 2161 814 2247 aequabiliter
829 2174 991 2227 concentor
1011 2161 1124 2245 efficite
1143 2178 1198 2223 nea

260 2282 342 2342 enirn
372 2278 492 2343 silantia
515 2281 603 2343 tanti
628 2293 728 2344 matur
752 2280 887 2343 incitari
905 2288 1051 2363 patrant:
1086 2291 1117 2340 at
1139 2295 1195 2340 na·

260 2411 340 2460 tara
359 2398 453 2476 fert,
476 2410 512 2460 at
544 2410 686 2460 extrema
718 2411 757 2458 en
783 2393 893 2459 altera
912 2409 1008 2480 parta
1028 2395 1196 2478 graviter,

259 2533 299 2576 ex
328 2511 437 2578 altera
470 2524 574 2576 aatarn
603 2524 696 2575 aerata
724 2526 840 2575 sanent.
857 2507 899 2577 (¹)
963 2511 1103 2574 Doctum
1124 2506 1196 2573 ide
1248 2573 1251 2577 .

258 2629 453 2712 Pythagorae
479 2641 509 2690 et
537 2625 674 2690 Platonis
700 2624 866 2702 doctrinl,
903 2642 938 2688 ac
959 2626 1040 2687 valet
1059 2623 1097 2687 ad
1119 2623 1192 2686 haec

259 2745 378 2810 limaci
416 2746 484 2807 loca
518 2754 601 2805 recte
641 2738 850 2821 intelligenda.
924 2737 1005 2803 Nam
1033 2736 1193 2819 quaeritur

257 2861 290 2925 lu
310 2861 350 2924 iis
373 2863 507 2941 δεσμὸς,
529 2875 594 2938 quo
616 2870 687 2938 apte
710 2857 818 2939 juncta
849 2854 919 2930 siut¹
944 2853 1058 2919 omnia.
1112 2853 1193 2922 Ata·

256 2984 319 3058 μῶν
342 2981 367 3044 δ’
383 2978 397 3042 i
415 2977 577 3050 adinrare,
606 2972 638 3051 le
669 2976 707 3042 ira
737 2979 827 3044 aricia
858 2976 908 3042 nai
938 2976 981 3042 rai
1010 2972 1191 3055 ξυνδούμενα

255 3092 300 3162 iar
321 3096 442 3174 μάλιςα
463 3088 493 3160 ἓν
514 3103 604 3174 ποιῇ·
626 3098 712 3159 raico
734 3095 764 3160 ll
785 3093 920 3174 πέφυκεν
940 3090 1091 3168 ἀναλογία
1112 3089 1188 3156 καὶλ-

254 3227 328 3280 ntea
347 3213 520 3278 rinocarala·
597 3207 686 3291 Quae
713 3205 759 3270 sic
790 3205 883 3269 vertit
914 3203 1027 3270 Latine
1057 3202 1186 3270 Cicero.

253 3322 316 3391 Sed
330 3323 487 3411 ainaaiarn
504 3321 541 3386 id
558 3339 601 3388 est
617 3326 811 3408 aptissimam
830 3338 925 3409 atqae
938 3322 1186 3411 pulcerrimum,

251 3439 336 3526 qaod
358 3461 396 3505 ea
419 3462 469 3519 re,
491 3456 586 3526 atque
614 3438 651 3503 da
672 3440 740 3520 iis,
761 3460 842 3524 qaae
865 3435 1061 3523 adstringit,
1088 3454 1184 3522 quant
1217 3513 1219 3517 Ι

251 3560 388 3621 maxime
409 3576 504 3621 anam
525 3558 626 3643 afficit.
691 3554 732 3619 Id
751 3556 861 3642 aprime
881 3557 1082 3638 assequitur,
1101 3570 1184 3637 qaae

252 3673 374 3743 Graece
406 3678 575 3756 ἀναλογία,
618 3673 737 3739 Latine
769 3669 970 3756 (audendum
998 3684 1043 3734 est
1076 3670 1182 3749 enirn,

250 3793 396 3875 quoniam
410 3791 499 3867 ,haee
511 3792 648 3876 primurn
669 3787 793 3854 anobis
814 3785 1000 3869 nouantur)
1029 3799 1182 3877 campa·

250 3910 388 3988 naria,
407 3908 681 3994 proportiove
711 3902 776 3970 dica·
794 3918 900 3989 parasr.
942 3900 1077 3987 Quando
1098 3899 1180 3964 enim

1085 4028 1179 4085 trram

196 4151 198 4155 .
286 4104 591 4175 (r)De1lep.Vl.rr.

680 4173 752 4259 Q,
827 4188 829 4193 ,
