<?xml version="1.0" encoding="UTF-8"?>
<!DOCTYPE html PUBLIC "-//W3C//DTD XHTML 1.0 Transitional//EN"
    "http://www.w3.org/TR/xhtml1/DTD/xhtml1-transitional.dtd">
<html xmlns="http://www.w3.org/1999/xhtml" xml:lang="en" lang="en">
 <head>
  <title>
</title>
<meta http-equiv="Content-Type" content="text/html;charset=utf-8" />
  <meta name='ocr-system' content='tesseract 3.04.00' />
  <meta name='ocr-capabilities' content='ocr_page ocr_carea ocr_par ocr_line ocrx_word'/>
</head>
<body>
  <div class='ocr_page' id='page_1' title='image "./initiaphilosoph04heusgoog_0029.png"; bbox 0 0 2896 5168; ppageno 0'>
   <div class='ocr_carea' id='block_1_1' title="bbox 249 658 1183 1467">
    <p class='ocr_par' dir='ltr' id='par_1_1' title="bbox 249 658 1183 1467">
     <span class='ocr_line' id='line_1_1' title="bbox 250 658 1178 760; baseline -0.001 -17"><span class='ocrx_word' id='word_1_1' title='bbox 250 694 320 758; x_wconf 86' lang='lat' dir='ltr'>tes,</span> <span class='ocrx_word' id='word_1_2' title='bbox 349 675 471 743; x_wconf 85' lang='lat' dir='ltr'>diuinae</span> <span class='ocrx_word' id='word_1_3' title='bbox 501 696 632 760; x_wconf 89' lang='lat' dir='ltr'>prorsus</span> <span class='ocrx_word' id='word_1_4' title='bbox 662 679 863 760; x_wconf 83' lang='lat' dir='ltr'>prolixaeque</span> <span class='ocrx_word' id='word_1_5' title='bbox 889 658 1079 743; x_wconf 46' lang='lat' dir='ltr'>&#39;narrationis</span> <span class='ocrx_word' id='word_1_6' title='bbox 1122 676 1178 758; x_wconf 87' lang='lat' dir='ltr'>sit;</span> 
     </span>
     <span class='ocr_line' id='line_1_2' title="bbox 249 794 1180 876; baseline 0.002 -16"><span class='ocrx_word' id='word_1_7' title='bbox 249 795 301 860; x_wconf 88' lang='lat' dir='ltr'>cui</span> <span class='ocrx_word' id='word_1_8' title='bbox 333 814 408 859; x_wconf 80' lang='lat' dir='ltr'>uero</span> <span class='ocrx_word' id='word_1_9' title='bbox 438 795 547 861; x_wconf 86' lang='lat' dir='ltr'>similis</span> <span class='ocrx_word' id='word_1_10' title='bbox 578 796 641 876; x_wconf 92' lang='lat' dir='ltr'>sit,</span> <span class='ocrx_word' id='word_1_11' title='bbox 672 795 823 861; x_wconf 86' lang='lat' dir='ltr'>humanae</span> <span class='ocrx_word' id='word_1_12' title='bbox 851 810 881 861; x_wconf 91' lang='lat' dir='ltr'>et</span> <span class='ocrx_word' id='word_1_13' title='bbox 907 794 1084 861; x_wconf 81' lang='lat' dir='ltr'>breviorist</span> <span class='ocrx_word' id='word_1_14' title='bbox 1117 796 1180 863; x_wconf 88' lang='lat' dir='ltr'>hoc</span> 
     </span>
     <span class='ocr_line' id='line_1_3' title="bbox 250 911 1178 998; baseline 0.012 -25"><span class='ocrx_word' id='word_1_15' title='bbox 250 911 346 994; x_wconf 91' lang='lat' dir='ltr'>igitur</span> <span class='ocrx_word' id='word_1_16' title='bbox 360 911 511 979; x_wconf 86' lang='lat' dir='ltr'>dicantus.</span> <span class='ocrx_word' id='word_1_17' title='bbox 553 915 689 982; x_wconf 63' lang='lat' dir='ltr'>&#39;Ettriru</span> <span class='ocrx_word' id='word_1_18' title='bbox 710 918 744 990; x_wconf 73' lang='lat' dir='ltr'>tl</span> <span class='ocrx_word' id='word_1_19' title='bbox 774 914 923 998; x_wconf 76' lang='grc' dir='ltr'><strong><em>ξνμφύτῳ</em></strong></span> <span class='ocrx_word' id='word_1_20' title='bbox 953 915 1077 996; x_wconf 76' lang='grc' dir='ltr'><strong><em>δυνάμει</em></strong></span> <span class='ocrx_word' id='word_1_21' title='bbox 1108 918 1178 984; x_wconf 75' lang='grc' dir='ltr'>ὑπο·</span> 
     </span>
     <span class='ocr_line' id='line_1_4' title="bbox 251 1031 1181 1115; baseline -0.002 -17"><span class='ocrx_word' id='word_1_22' title='bbox 251 1032 357 1114; x_wconf 74' lang='lat' dir='ltr'>artata</span> <span class='ocrx_word' id='word_1_23' title='bbox 378 1032 501 1115; x_wconf 73' lang='grc' dir='ltr'><em>ζεύγους</em></span> <span class='ocrx_word' id='word_1_24' title='bbox 522 1057 558 1098; x_wconf 78' lang='grc' dir='ltr'>τε</span> <span class='ocrx_word' id='word_1_25' title='bbox 579 1033 630 1099; x_wconf 81' lang='lat' dir='ltr'>seul</span> <span class='ocrx_word' id='word_1_26' title='bbox 652 1033 785 1115; x_wconf 71' lang='grc' dir='ltr'>ἡνιόχου·</span> <span class='ocrx_word' id='word_1_27' title='bbox 806 1031 917 1096; x_wconf 87' lang='lat' dir='ltr'>similis</span> <span class='ocrx_word' id='word_1_28' title='bbox 938 1044 999 1096; x_wconf 85' lang='lat' dir='ltr'>esto</span> <span class='ocrx_word' id='word_1_29' title='bbox 1019 1045 1181 1097; x_wconf 77' lang='lat' dir='ltr'>concretae</span> 
     </span>
     <span class='ocr_line' id='line_1_5' title="bbox 250 1146 1181 1233; baseline -0.003 -17"><span class='ocrx_word' id='word_1_30' title='bbox 250 1149 285 1216; x_wconf 82' lang='lat' dir='ltr'>ri</span> <span class='ocrx_word' id='word_1_31' title='bbox 296 1147 374 1232; x_wconf 86' lang='lat' dir='ltr'>jugi</span> <span class='ocrx_word' id='word_1_32' title='bbox 392 1166 540 1233; x_wconf 82' lang='lat' dir='ltr'>equarum</span> <span class='ocrx_word' id='word_1_33' title='bbox 562 1146 645 1211; x_wconf 84' lang='lat' dir='ltr'>alati</span> <span class='ocrx_word' id='word_1_34' title='bbox 664 1159 695 1211; x_wconf 90' lang='lat' dir='ltr'>et</span> <span class='ocrx_word' id='word_1_35' title='bbox 715 1150 864 1232; x_wconf 77' lang='lat' dir='ltr'>aurigae.</span> <span class='ocrx_word' id='word_1_36' title='bbox 896 1148 1035 1213; x_wconf 87' lang='lat' dir='ltr'>Deorum</span> <span class='ocrx_word' id='word_1_37' title='bbox 1054 1146 1181 1230; x_wconf 88' lang='lat' dir='ltr'>quidem</span> 
     </span>
     <span class='ocr_line' id='line_1_6' title="bbox 253 1260 1182 1345; baseline 0.004 -18"><span class='ocrx_word' id='word_1_38' title='bbox 253 1261 328 1345; x_wconf 88' lang='lat' dir='ltr'>equi</span> <span class='ocrx_word' id='word_1_39' title='bbox 348 1280 379 1328; x_wconf 92' lang='lat' dir='ltr'>et</span> <span class='ocrx_word' id='word_1_40' title='bbox 394 1260 519 1345; x_wconf 88' lang='lat' dir='ltr'>aurigae</span> <span class='ocrx_word' id='word_1_41' title='bbox 543 1282 650 1328; x_wconf 88' lang='lat' dir='ltr'>omnes</span> <span class='ocrx_word' id='word_1_42' title='bbox 671 1277 702 1328; x_wconf 86' lang='lat' dir='ltr'>et</span> <span class='ocrx_word' id='word_1_43' title='bbox 723 1262 787 1345; x_wconf 92' lang='lat' dir='ltr'>ipsi</span> <span class='ocrx_word' id='word_1_44' title='bbox 810 1262 887 1330; x_wconf 88' lang='lat' dir='ltr'>botri</span> <span class='ocrx_word' id='word_1_45' title='bbox 910 1279 984 1330; x_wconf 91' lang='lat' dir='ltr'>sunt</span> <span class='ocrx_word' id='word_1_46' title='bbox 1003 1280 1034 1329; x_wconf 91' lang='lat' dir='ltr'>et</span> <span class='ocrx_word' id='word_1_47' title='bbox 1051 1284 1068 1330; x_wconf 83' lang='lat' dir='ltr'>e</span> <span class='ocrx_word' id='word_1_48' title='bbox 1086 1265 1182 1331; x_wconf 87' lang='lat' dir='ltr'>bottis</span> 
     </span>
     <span class='ocr_line' id='line_1_7' title="bbox 254 1378 1183 1467; baseline 0.003 -23"><span class='ocrx_word' id='word_1_49' title='bbox 254 1378 403 1459; x_wconf 89' lang='lat' dir='ltr'>oriundi,</span> <span class='ocrx_word' id='word_1_50' title='bbox 433 1395 625 1446; x_wconf 89' lang='lat' dir='ltr'>caeterorum</span> <span class='ocrx_word' id='word_1_51' title='bbox 657 1399 734 1446; x_wconf 90' lang='lat' dir='ltr'>vero</span> <span class='ocrx_word' id='word_1_52' title='bbox 763 1382 874 1448; x_wconf 83' lang='lat' dir='ltr'>mixtis</span> <span class='ocrx_word' id='word_1_53' title='bbox 908 1382 1064 1466; x_wconf 88' lang='lat' dir='ltr'>principio</span> <span class='ocrx_word' id='word_1_54' title='bbox 1085 1382 1183 1467; x_wconf 89' lang='lat' dir='ltr'>igitar</span> 
     </span>
    </p>
   </div>
   <div class='ocr_carea' id='block_1_2' title="bbox 143 1495 1181 1585">
    <p class='ocr_par' dir='ltr' id='par_1_2' title="bbox 143 1495 1181 1585">
     <span class='ocr_line' id='line_1_8' title="bbox 143 1495 1181 1585; baseline 0.003 -24"><span class='ocrx_word' id='word_1_55' title='bbox 143 1578 147 1585; x_wconf 86' lang='lat'><strong>.</strong></span> <span class='ocrx_word' id='word_1_56' title='bbox 254 1495 355 1562; x_wconf 86' lang='lat' dir='ltr'>nostri</span> <span class='ocrx_word' id='word_1_57' title='bbox 372 1497 517 1582; x_wconf 87' lang='lat' dir='ltr'>princeps</span> <span class='ocrx_word' id='word_1_58' title='bbox 536 1498 624 1580; x_wconf 83' lang='lat' dir='ltr'>bigas</span> <span class='ocrx_word' id='word_1_59' title='bbox 644 1497 774 1563; x_wconf 87' lang='lat' dir='ltr'>habenis</span> <span class='ocrx_word' id='word_1_60' title='bbox 796 1501 992 1583; x_wconf 83' lang='lat' dir='ltr'>moderatur3</span> <span class='ocrx_word' id='word_1_61' title='bbox 1015 1502 1091 1565; x_wconf 90' lang='lat' dir='ltr'>alter</span> <span class='ocrx_word' id='word_1_62' title='bbox 1105 1517 1181 1565; x_wconf 87' lang='lat' dir='ltr'>vero</span> 
     </span>
    </p>
   </div>
   <div class='ocr_carea' id='block_1_3' title="bbox 251 1611 1252 4156">
    <p class='ocr_par' dir='ltr' id='par_1_3' title="bbox 251 1611 1252 4031">
     <span class='ocr_line' id='line_1_9' title="bbox 254 1611 1181 1695; baseline 0.001 -17"><span class='ocrx_word' id='word_1_63' title='bbox 254 1629 407 1693; x_wconf 86' lang='lat' dir='ltr'>equorum</span> <span class='ocrx_word' id='word_1_64' title='bbox 437 1611 498 1695; x_wconf 90' lang='lat' dir='ltr'>ipsi</span> <span class='ocrx_word' id='word_1_65' title='bbox 528 1614 634 1694; x_wconf 85' lang='lat' dir='ltr'>pulcer</span> <span class='ocrx_word' id='word_1_66' title='bbox 661 1612 830 1695; x_wconf 89' lang='lat' dir='ltr'>bonusque</span> <span class='ocrx_word' id='word_1_67' title='bbox 862 1630 909 1681; x_wconf 87' lang='lat' dir='ltr'>est</span> <span class='ocrx_word' id='word_1_68' title='bbox 939 1631 969 1680; x_wconf 88' lang='lat' dir='ltr'>et</span> <span class='ocrx_word' id='word_1_69' title='bbox 998 1634 1035 1680; x_wconf 83' lang='lat' dir='ltr'>ex</span> <span class='ocrx_word' id='word_1_70' title='bbox 1066 1613 1181 1681; x_wconf 90' lang='lat' dir='ltr'>talibus</span> 
     </span>
     <span class='ocr_line' id='line_1_10' title="bbox 254 1729 1181 1818; baseline 0.012 -25"><span class='ocrx_word' id='word_1_71' title='bbox 254 1743 361 1810; x_wconf 85' lang='lat' dir='ltr'>ortus,</span> <span class='ocrx_word' id='word_1_72' title='bbox 385 1731 461 1796; x_wconf 88' lang='lat' dir='ltr'>alter</span> <span class='ocrx_word' id='word_1_73' title='bbox 481 1729 678 1796; x_wconf 88' lang='lat' dir='ltr'>econtrariis</span> <span class='ocrx_word' id='word_1_74' title='bbox 700 1730 818 1814; x_wconf 86' lang='lat' dir='ltr'>etipse</span> <span class='ocrx_word' id='word_1_75' title='bbox 837 1732 1032 1797; x_wconf 81' lang='lat' dir='ltr'>contrarius:</span> <span class='ocrx_word' id='word_1_76' title='bbox 1054 1735 1181 1818; x_wconf 66' lang='lat' dir='ltr'>xenonis</span> 
     </span>
     <span class='ocr_line' id='line_1_11' title="bbox 254 1848 1178 1951; baseline -0.003 -35"><span class='ocrx_word' id='word_1_77' title='bbox 254 1848 289 1925; x_wconf 68' lang='lat' dir='ltr'>iis</span> <span class='ocrx_word' id='word_1_78' title='bbox 321 1848 380 1951; x_wconf 40' lang='lat' dir='ltr'>nal·</span> <span class='ocrx_word' id='word_1_79' title='bbox 403 1850 542 1924; x_wconf 74' lang='grc' dir='ltr'>δύσκολος</span> <span class='ocrx_word' id='word_1_80' title='bbox 563 1851 597 1930; x_wconf 78' lang='grc' dir='ltr'>ἐξ</span> <span class='ocrx_word' id='word_1_81' title='bbox 617 1850 754 1929; x_wconf 69' lang='grc' dir='ltr'>ἀνάγκης</span> <span class='ocrx_word' id='word_1_82' title='bbox 776 1855 794 1927; x_wconf 74' lang='grc' dir='ltr'><strong><em>ἡ</em></strong></span> <span class='ocrx_word' id='word_1_83' title='bbox 816 1853 881 1933; x_wconf 77' lang='grc' dir='ltr'>περ)</span> <span class='ocrx_word' id='word_1_84' title='bbox 904 1855 986 1933; x_wconf 66' lang='grc' dir='ltr'>ἡμᾶς</span> <span class='ocrx_word' id='word_1_85' title='bbox 1007 1853 1178 1933; x_wconf 65' lang='lat' dir='ltr'>intimata:</span> 
     </span>
     <span class='ocr_line' id='line_1_12' title="bbox 253 1960 1182 2050; baseline 0 -23"><span class='ocrx_word' id='word_1_86' title='bbox 253 1960 384 2050; x_wconf 75' lang='lat' dir='ltr'>difficilis</span> <span class='ocrx_word' id='word_1_87' title='bbox 415 1966 519 2047; x_wconf 80' lang='lat' dir='ltr'>igitur</span> <span class='ocrx_word' id='word_1_88' title='bbox 539 1984 577 2029; x_wconf 91' lang='lat' dir='ltr'>ae</span> <span class='ocrx_word' id='word_1_89' title='bbox 598 1965 724 2029; x_wconf 89' lang='lat' dir='ltr'>molesta</span> <span class='ocrx_word' id='word_1_90' title='bbox 744 1968 785 2030; x_wconf 88' lang='lat' dir='ltr'>sit</span> <span class='ocrx_word' id='word_1_91' title='bbox 805 1967 905 2029; x_wconf 91' lang='lat' dir='ltr'>nostri</span> <span class='ocrx_word' id='word_1_92' title='bbox 922 1963 1109 2046; x_wconf 78' lang='lat' dir='ltr'>gubernatio</span> <span class='ocrx_word' id='word_1_93' title='bbox 1130 1983 1182 2027; x_wconf 86' lang='lat' dir='ltr'>ne·</span> 
     </span>
     <span class='ocr_line' id='line_1_13' title="bbox 254 2077 1185 2166; baseline -0.003 -21"><span class='ocrx_word' id='word_1_94' title='bbox 254 2097 332 2145; x_wconf 87' lang='lat' dir='ltr'>cesse</span> <span class='ocrx_word' id='word_1_95' title='bbox 361 2095 416 2146; x_wconf 87' lang='lat' dir='ltr'>est.</span> <span class='ocrx_word' id='word_1_96' title='bbox 442 2077 484 2148; x_wconf 87' lang='lat'>(¹)</span> <span class='ocrx_word' id='word_1_97' title='bbox 526 2081 615 2166; x_wconf 86' lang='lat' dir='ltr'>Quae</span> <span class='ocrx_word' id='word_1_98' title='bbox 639 2079 804 2147; x_wconf 89' lang='lat' dir='ltr'>difficultas</span> <span class='ocrx_word' id='word_1_99' title='bbox 824 2096 890 2146; x_wconf 88' lang='lat' dir='ltr'>turn</span> <span class='ocrx_word' id='word_1_100' title='bbox 912 2079 1041 2144; x_wconf 85' lang='lat' dir='ltr'>maxima</span> <span class='ocrx_word' id='word_1_101' title='bbox 1066 2077 1185 2160; x_wconf 87' lang='lat' dir='ltr'>gravis·</span> 
     </span>
     <span class='ocr_line' id='line_1_14' title="bbox 255 2195 1184 2280; baseline 0.003 -22"><span class='ocrx_word' id='word_1_102' title='bbox 255 2195 395 2279; x_wconf 77' lang='lat' dir='ltr'>sinitque</span> <span class='ocrx_word' id='word_1_103' title='bbox 418 2213 487 2280; x_wconf 88' lang='lat' dir='ltr'>est,</span> <span class='ocrx_word' id='word_1_104' title='bbox 518 2217 613 2280; x_wconf 89' lang='lat' dir='ltr'>quum</span> <span class='ocrx_word' id='word_1_105' title='bbox 640 2200 763 2265; x_wconf 88' lang='lat' dir='ltr'>artimus</span> <span class='ocrx_word' id='word_1_106' title='bbox 791 2200 829 2264; x_wconf 88' lang='lat' dir='ltr'>ad</span> <span class='ocrx_word' id='word_1_107' title='bbox 852 2197 955 2279; x_wconf 88' lang='lat' dir='ltr'>pulcri</span> <span class='ocrx_word' id='word_1_108' title='bbox 975 2198 1104 2276; x_wconf 84' lang='lat' dir='ltr'>vultus,</span> <span class='ocrx_word' id='word_1_109' title='bbox 1137 2195 1184 2262; x_wconf 91' lang='lat' dir='ltr'>di·</span> 
     </span>
     <span class='ocr_line' id='line_1_15' title="bbox 256 2312 1252 2411; baseline -0.005 -31"><span class='ocrx_word' id='word_1_110' title='bbox 256 2313 346 2380; x_wconf 86' lang='lat' dir='ltr'>vittae</span> <span class='ocrx_word' id='word_1_111' title='bbox 375 2313 493 2380; x_wconf 87' lang='lat' dir='ltr'>formae</span> <span class='ocrx_word' id='word_1_112' title='bbox 522 2317 702 2398; x_wconf 85' lang='lat' dir='ltr'>adspectum</span> <span class='ocrx_word' id='word_1_113' title='bbox 736 2314 916 2399; x_wconf 87' lang='lat' dir='ltr'>cupiditatis</span> <span class='ocrx_word' id='word_1_114' title='bbox 948 2312 1183 2397; x_wconf 85' lang='lat' dir='ltr'>voluptatisque</span> <span class='ocrx_word' id='word_1_115' title='bbox 1243 2399 1252 2411; x_wconf 38' lang='lat'><strong>·</strong></span> 
     </span>
     <span class='ocr_line' id='line_1_16' title="bbox 256 2430 1183 2516; baseline -0.001 -20"><span class='ocrx_word' id='word_1_116' title='bbox 256 2430 393 2497; x_wconf 85' lang='lat' dir='ltr'>stimulis</span> <span class='ocrx_word' id='word_1_117' title='bbox 422 2432 507 2498; x_wconf 88' lang='lat' dir='ltr'>intus</span> <span class='ocrx_word' id='word_1_118' title='bbox 533 2435 665 2516; x_wconf 84' lang='lat' dir='ltr'>agitatur</span> <span class='ocrx_word' id='word_1_119' title='bbox 698 2447 800 2497; x_wconf 89' lang='lat' dir='ltr'>totus.</span> <span class='ocrx_word' id='word_1_120' title='bbox 862 2431 923 2498; x_wconf 84' lang='lat' dir='ltr'>Est</span> <span class='ocrx_word' id='word_1_121' title='bbox 953 2430 1074 2496; x_wconf 89' lang='lat' dir='ltr'>scilicet</span> <span class='ocrx_word' id='word_1_122' title='bbox 1100 2447 1183 2495; x_wconf 89' lang='lat' dir='ltr'>unus</span> 
     </span>
     <span class='ocr_line' id='line_1_17' title="bbox 256 2548 1180 2632; baseline 0.002 -19"><span class='ocrx_word' id='word_1_123' title='bbox 256 2567 428 2632; x_wconf 86' lang='lat' dir='ltr'>equorum,</span> <span class='ocrx_word' id='word_1_124' title='bbox 451 2571 533 2632; x_wconf 89' lang='lat' dir='ltr'>quos</span> <span class='ocrx_word' id='word_1_125' title='bbox 549 2550 754 2615; x_wconf 86' lang='lat' dir='ltr'>moderandos</span> <span class='ocrx_word' id='word_1_126' title='bbox 774 2548 889 2629; x_wconf 88' lang='lat' dir='ltr'>habet,</span> <span class='ocrx_word' id='word_1_127' title='bbox 911 2552 1046 2627; x_wconf 75' lang='lat' dir='ltr'>ruentia,</span> <span class='ocrx_word' id='word_1_128' title='bbox 1068 2552 1180 2626; x_wconf 76' lang='grc' dir='ltr'><strong>πολὺς,</strong></span> 
     </span>
     <span class='ocr_line' id='line_1_18' title="bbox 257 2664 1180 2755; baseline -0.009 -18"><span class='ocrx_word' id='word_1_129' title='bbox 257 2672 320 2745; x_wconf 71' lang='grc' dir='ltr'>εἰκῆ</span> <span class='ocrx_word' id='word_1_130' title='bbox 341 2672 624 2755; x_wconf 69' lang='grc' dir='ltr'>συμπεφορημένον,</span> <span class='ocrx_word' id='word_1_131' title='bbox 647 2669 877 2751; x_wconf 76' lang='grc' dir='ltr'><strong><em>κρνντερννύχνν,</em></strong></span> <span class='ocrx_word' id='word_1_132' title='bbox 900 2664 1180 2747; x_wconf 72' lang='grc' dir='ltr'>βραχυτράχνλος,</span> 
     </span>
     <span class='ocr_line' id='line_1_19' title="bbox 256 2778 1178 2870; baseline -0.009 -16"><span class='ocrx_word' id='word_1_133' title='bbox 256 2789 495 2869; x_wconf 71' lang='lat' dir='ltr'>eruentissime,</span> <span class='ocrx_word' id='word_1_134' title='bbox 516 2788 724 2870; x_wconf 69' lang='grc' dir='ltr'>μελάγχρων,</span> <span class='ocrx_word' id='word_1_135' title='bbox 748 2783 1010 2864; x_wconf 62' lang='lat' dir='ltr'>praeriperetur,</span> <span class='ocrx_word' id='word_1_136' title='bbox 1029 2778 1178 2864; x_wconf 65' lang='grc' dir='ltr'>ὕφαιμον,</span> 
     </span>
     <span class='ocr_line' id='line_1_20' title="bbox 256 2895 1181 2989; baseline -0.01 -17"><span class='ocrx_word' id='word_1_137' title='bbox 256 2903 367 2988; x_wconf 73' lang='grc' dir='ltr'><strong><em>ὕβρεως</em></strong></span> <span class='ocrx_word' id='word_1_138' title='bbox 398 2906 448 2973; x_wconf 77' lang='grc' dir='ltr'>καὶ</span> <span class='ocrx_word' id='word_1_139' title='bbox 479 2905 654 2989; x_wconf 70' lang='grc' dir='ltr'>ἀλαζονείας</span> <span class='ocrx_word' id='word_1_140' title='bbox 685 2904 820 2983; x_wconf 72' lang='grc' dir='ltr'>ἑταῖρος,</span> <span class='ocrx_word' id='word_1_141' title='bbox 863 2900 929 2982; x_wconf 74' lang='grc' dir='ltr'>περὶ</span> <span class='ocrx_word' id='word_1_142' title='bbox 961 2895 1024 2966; x_wconf 68' lang='lat' dir='ltr'>tire</span> <span class='ocrx_word' id='word_1_143' title='bbox 1054 2898 1181 2975; x_wconf 71' lang='lat' dir='ltr'>idaiae,</span> 
     </span>
     <span class='ocr_line' id='line_1_21' title="bbox 254 3015 1182 3106; baseline -0.005 -18"><span class='ocrx_word' id='word_1_144' title='bbox 254 3024 376 3106; x_wconf 74' lang='grc' dir='ltr'><strong>κωφὸς,</strong></span> <span class='ocrx_word' id='word_1_145' title='bbox 403 3023 515 3103; x_wconf 63' lang='lat' dir='ltr'>udatur</span> <span class='ocrx_word' id='word_1_146' title='bbox 544 3024 627 3103; x_wconf 74' lang='lat' dir='ltr'>ursei</span> <span class='ocrx_word' id='word_1_147' title='bbox 656 3021 778 3102; x_wconf 79' lang='grc' dir='ltr'><strong><em>κέντρων</em></strong></span> <span class='ocrx_word' id='word_1_148' title='bbox 799 3018 891 3101; x_wconf 73' lang='grc' dir='ltr'><strong><em>μόγις</em></strong></span> <span class='ocrx_word' id='word_1_149' title='bbox 912 3017 1058 3097; x_wconf 65' lang='lat' dir='ltr'>insitor?</span> <span class='ocrx_word' id='word_1_150' title='bbox 1081 3015 1182 3078; x_wconf 70' lang='lat' dir='ltr'>intor-</span> 
     </span>
     <span class='ocr_line' id='line_1_22' title="bbox 254 3131 1182 3220; baseline -0.002 -22"><span class='ocrx_word' id='word_1_151' title='bbox 254 3150 327 3215; x_wconf 90' lang='lat' dir='ltr'>tus,</span> <span class='ocrx_word' id='word_1_152' title='bbox 348 3137 478 3218; x_wconf 86' lang='lat' dir='ltr'>ingens,</span> <span class='ocrx_word' id='word_1_153' title='bbox 499 3137 642 3199; x_wconf 84' lang='lat' dir='ltr'>membris</span> <span class='ocrx_word' id='word_1_154' title='bbox 663 3150 776 3198; x_wconf 88' lang='lat' dir='ltr'>temere</span> <span class='ocrx_word' id='word_1_155' title='bbox 795 3135 985 3220; x_wconf 85' lang='lat' dir='ltr'>compositis,</span> <span class='ocrx_word' id='word_1_156' title='bbox 1007 3131 1096 3198; x_wconf 78' lang='lat' dir='ltr'>darei</span> <span class='ocrx_word' id='word_1_157' title='bbox 1114 3153 1182 3197; x_wconf 85' lang='lat' dir='ltr'>eer-</span> 
     </span>
     <span class='ocr_line' id='line_1_23' title="bbox 253 3247 1183 3330; baseline -0.005 -12"><span class='ocrx_word' id='word_1_158' title='bbox 253 3255 340 3329; x_wconf 77' lang='lat' dir='ltr'>riae,</span> <span class='ocrx_word' id='word_1_159' title='bbox 370 3250 571 3329; x_wconf 75' lang='lat' dir='ltr'>breviatim,</span> <span class='ocrx_word' id='word_1_160' title='bbox 604 3253 678 3314; x_wconf 86' lang='lat' dir='ltr'>simo</span> <span class='ocrx_word' id='word_1_161' title='bbox 700 3252 815 3330; x_wconf 77' lang='lat' dir='ltr'>uultu,</span> <span class='ocrx_word' id='word_1_162' title='bbox 845 3265 917 3314; x_wconf 88' lang='lat' dir='ltr'>atra</span> <span class='ocrx_word' id='word_1_163' title='bbox 937 3251 1058 3328; x_wconf 88' lang='lat' dir='ltr'>calore,</span> <span class='ocrx_word' id='word_1_164' title='bbox 1087 3247 1183 3313; x_wconf 83' lang='lat' dir='ltr'>oeulis</span> 
     </span>
     <span class='ocr_line' id='line_1_24' title="bbox 252 3362 1182 3453; baseline -0.006 -19"><span class='ocrx_word' id='word_1_165' title='bbox 252 3372 359 3434; x_wconf 88' lang='lat' dir='ltr'>caesiis</span> <span class='ocrx_word' id='word_1_166' title='bbox 392 3370 601 3453; x_wconf 82' lang='lat' dir='ltr'>sanguineque</span> <span class='ocrx_word' id='word_1_167' title='bbox 641 3362 784 3448; x_wconf 79' lang='lat' dir='ltr'>suffusis,</span> <span class='ocrx_word' id='word_1_168' title='bbox 828 3364 974 3449; x_wconf 87' lang='lat' dir='ltr'>superbus</span> <span class='ocrx_word' id='word_1_169' title='bbox 1007 3385 1045 3428; x_wconf 92' lang='lat' dir='ltr'>ae</span> <span class='ocrx_word' id='word_1_170' title='bbox 1073 3378 1182 3429; x_wconf 85' lang='lat' dir='ltr'>canta·</span> 
     </span>
     <span class='ocr_line' id='line_1_25' title="bbox 254 3478 1181 3566; baseline 0 -20"><span class='ocrx_word' id='word_1_171' title='bbox 254 3505 349 3564; x_wconf 84' lang='lat' dir='ltr'>mart,</span> <span class='ocrx_word' id='word_1_172' title='bbox 383 3485 512 3549; x_wconf 79' lang='lat' dir='ltr'>hirsutis</span> <span class='ocrx_word' id='word_1_173' title='bbox 539 3483 669 3548; x_wconf 88' lang='lat' dir='ltr'>auribus</span> <span class='ocrx_word' id='word_1_174' title='bbox 703 3496 799 3565; x_wconf 84' lang='lat' dir='ltr'>atque</span> <span class='ocrx_word' id='word_1_175' title='bbox 826 3478 952 3562; x_wconf 83' lang='lat' dir='ltr'>surdis,</span> <span class='ocrx_word' id='word_1_176' title='bbox 983 3486 1039 3548; x_wconf 77' lang='lat' dir='ltr'>six</span> <span class='ocrx_word' id='word_1_177' title='bbox 1052 3482 1181 3566; x_wconf 77' lang='lat' dir='ltr'>stagello</span> 
     </span>
     <span class='ocr_line' id='line_1_26' title="bbox 251 3595 1181 3686; baseline -0.002 -21"><span class='ocrx_word' id='word_1_178' title='bbox 251 3603 443 3684; x_wconf 85' lang='lat' dir='ltr'>stimulisque</span> <span class='ocrx_word' id='word_1_179' title='bbox 475 3601 696 3686; x_wconf 85' lang='lat' dir='ltr'>obtemperans.</span> <span class='ocrx_word' id='word_1_180' title='bbox 722 3595 762 3664; x_wconf 86' lang='lat'>(2)</span> <span class='ocrx_word' id='word_1_181' title='bbox 808 3597 871 3662; x_wconf 88' lang='lat' dir='ltr'>Cui</span> <span class='ocrx_word' id='word_1_182' title='bbox 909 3617 991 3678; x_wconf 82' lang='lat' dir='ltr'>equo</span> <span class='ocrx_word' id='word_1_183' title='bbox 1023 3597 1051 3661; x_wconf 88' lang='lat' dir='ltr'>si</span> <span class='ocrx_word' id='word_1_184' title='bbox 1087 3600 1181 3663; x_wconf 87' lang='lat' dir='ltr'>semel</span> 
     </span>
     <span class='ocr_line' id='line_1_27' title="bbox 251 3689 1181 3797; baseline -0.002 -16"><span class='ocrx_word' id='word_1_185' title='bbox 251 3718 431 3782; x_wconf 85' lang='lat' dir='ltr'>relaxaverit</span> <span class='ocrx_word' id='word_1_186' title='bbox 462 3715 569 3795; x_wconf 86' lang='lat' dir='ltr'>frena,</span> <span class='ocrx_word' id='word_1_187' title='bbox 601 3731 687 3779; x_wconf 89' lang='lat' dir='ltr'>totus</span> <span class='ocrx_word' id='word_1_188' title='bbox 714 3689 863 3779; x_wconf 79' lang='lat' dir='ltr'>sensuum</span> <span class='ocrx_word' id='word_1_189' title='bbox 885 3714 1075 3797; x_wconf 86' lang='lat' dir='ltr'>appetitibus</span> <span class='ocrx_word' id='word_1_190' title='bbox 1100 3714 1181 3779; x_wconf 90' lang='lat' dir='ltr'>abri-</span> 
     </span>
     <span class='ocr_line' id='line_1_28' title="bbox 251 3829 1180 3916; baseline -0.003 -18"><span class='ocrx_word' id='word_1_191' title='bbox 251 3835 353 3916; x_wconf 85' lang='lat' dir='ltr'>piatur</span> <span class='ocrx_word' id='word_1_192' title='bbox 385 3852 510 3898; x_wconf 81' lang='lat' dir='ltr'>uecesso</span> <span class='ocrx_word' id='word_1_193' title='bbox 535 3846 596 3900; x_wconf 89' lang='lat' dir='ltr'>est.</span> <span class='ocrx_word' id='word_1_194' title='bbox 647 3832 721 3914; x_wconf 91' lang='lat' dir='ltr'>Quo</span> <span class='ocrx_word' id='word_1_195' title='bbox 739 3850 815 3897; x_wconf 88' lang='lat' dir='ltr'>vero</span> <span class='ocrx_word' id='word_1_196' title='bbox 836 3850 905 3897; x_wconf 87' lang='lat' dir='ltr'>eum</span> <span class='ocrx_word' id='word_1_197' title='bbox 927 3829 1051 3895; x_wconf 88' lang='lat' dir='ltr'>facilius</span> <span class='ocrx_word' id='word_1_198' title='bbox 1072 3847 1180 3915; x_wconf 85' lang='lat' dir='ltr'>regat,</span> 
     </span>
     <span class='ocr_line' id='line_1_29' title="bbox 1085 3948 1183 4031; baseline 0.01 -16"><span class='ocrx_word' id='word_1_199' title='bbox 1085 3948 1183 4031; x_wconf 56' lang='lat' dir='ltr'>⁸irno</span> 
     </span>
    </p>

    <p class='ocr_par' dir='ltr' id='par_1_4' title="bbox 285 4073 1179 4156">
     <span class='ocr_line' id='line_1_30' title="bbox 285 4073 1179 4156; baseline 0 -18"><span class='ocrx_word' id='word_1_200' title='bbox 285 4087 325 4156; x_wconf 81' lang='grc' dir='ltr'>(ι)</span> <span class='ocrx_word' id='word_1_201' title='bbox 344 4073 527 4142; x_wconf 58' lang='lat' dir='ltr'>ruminata</span> <span class='ocrx_word' id='word_1_202' title='bbox 539 4084 607 4139; x_wconf 74' lang='lat' dir='ltr'>an.</span> <span class='ocrx_word' id='word_1_203' title='bbox 680 4086 720 4155; x_wconf 52' lang='grc' dir='ltr'>(ο)</span> <span class='ocrx_word' id='word_1_204' title='bbox 739 4082 1179 4141; x_wconf 58' lang='lat' dir='ltr'>romanatos-:mutuaretur</span> 
     </span>
    </p>
   </div>
   <div class='ocr_carea' id='block_1_4' title="bbox 0 0 1452 5168">
    <p class='ocr_par' dir='ltr' id='par_1_5' title="bbox 0 0 1452 5168">
     <span class='ocr_line' id='line_1_31' title="bbox 0 0 1452 5168; baseline 0 0"><span class='ocrx_word' id='word_1_205' title='bbox 0 0 1452 5168; x_wconf 95' lang='lat' dir='ltr'> </span> 
     </span>
    </p>
   </div>
  </div>
 </body>
</html>
